2967 4925
1086 267 1204 283 ...-
1327 220 1723 302 123*-

226 421 656 501 διδάσκοντος
707 423 816 491 καὶ
867 420 1368 512 μανθάνοντος,
1443 425 1530 501 ὡς
1578 419 1873 492 αιτίου
1925 425 2063 492 καὶ
2121 422 2556 498 αιτιατοῦ.
2608 502 2615 517 ‚

229 525 478 604 Quibus
508 526 672 591 locis
707 548 831 612 quo
864 546 1078 591 nexus
1107 528 1305 591 modo
1339 548 1535 591 causa
1566 524 1849 592 efficiens
1892 539 1956 591 et
2003 530 2296 595 effectum
2339 543 2560 594 tenen-

212 645 363 710 tur,
418 629 646 693 eodem
694 633 878 698 αἰτία
922 631 1004 694 ad
1053 622 1352 698 αἶτιατὸν
1392 631 1687 714 pertinet.
1785 614 2246 696 Grammaticis
2292 631 2557 696 verbum

223 750 437 818 ,aeque
473 733 944 817 frequentatum
977 732 1219 812 fuisse,
1271 728 1456 797 locus
1489 732 1812 795 ostendit
1796 728 1870 795 ιιι
1899 726 2118 796 schol.
2152 734 2234 797 ad
2287 732 2560 818 Dionys.

233 830 1048 918 Thrac-ap.Bekke1-.in
1093 833 1386 900 anecdot.
1431 831 1543 897 Gr.
1575 854 1642 918 Ρ.
1683 837 1854 899 659.
1906 834 2078 900 κατὰ
2120 835 2349 903 πᾶσαν
2390 837 2561 920 λέξιν
2669 856 2680 867 “

233 934 450 1005 αἴτιον
499 927 739 1026 ὁρᾶται
784 936 897 1003 καὶ
944 926 1264 1005 αἰτιατόν.
2585 944 2592 951 ’

442 1032 628 1112 Quae
657 1056 850 1123 quum
880 1040 977 1101 ita
1013 1039 1181 1118 sint,
1231 1030 1592 1119 αἰτιατική,
1635 1037 1698 1101 si
1738 1033 1823 1100 ab
1871 1030 2149 1121 αἰτιατᾴῖ
2161 1087 2181 1119 ,
2231 1049 2305 1101 ιιι
2346 1035 2592 1119 debet„

234 1140 520 1216 ducitur,
585 1142 648 1203 is
691 1142 814 1205 erit
852 1158 1078 1216 casus,
1149 1141 1259 1225 qui
1313 1138 1399 1202 ad
1450 1140 1726 1204 actionis
1791 1134 2090 1203 effectum
2145 1137 2561 1206 indicandum

234 1252 428 1306 natus
457 1251 558 1304 est
575 1284 596 1320 ,
646 1253 719 1304 ut
743 1260 890 1305 eum
919 1259 1050 1308 non
1081 1241 1517 1307 accusativum
1533 1284 1554 1319 ,
1606 1240 1723 1306 sed
1753 1241 1968 1326 potius
1990 1242 2354 1322 qffecwcum
2380 1243 2563 1308 reddi

240 1344 613 1429 oportuerit.
675 1338 825 1418 Qua
856 1343 923 1406 vi
951 1340 1102 1427 quid
1133 1340 1216 1404 ad
1247 1351 1537 1427 quartum
1570 1355 1788 1405 casum
1819 1340 2317 1426 significandum
2349 1346 2561 1432 aptius
2671 1422 2678 1433 ἱ
2777 1330 2782 1337 ’

239 1445 578 1531 excogites
592 1443 631 1507 i
686 1444 838 1530 quid
874 1445 1167 1507 intimam
1211 1456 1280 1508 et
1312 1444 1752 1507 'necessariam
1805 1444 1945 1506 eius
1976 1457 2271 1509 naturam
2301 1445 2562 1532 elegan-

236 1550 369 1612 tius
396 1545 763 1631 exprimat?
856 1543 1037 1611 Inest
1061 1546 1232 1611 enim
1260 1541 1485 1611 verbis
1514 1545 1865 1611 transitivis
1893 1547 2096 1620 actio3
2137 1549 2308 1610 actio
2348 1561 2561 1612 autem

239 1654 441 1716 causa
465 1651 857 1723 continetur-3
900 1668 1062 1734 quae
1103 1668 1211 1724 res
1241 1648 1519 1712 actionis
1555 1666 1752 1711 eausa
1793 1644 2064 1712 efficitur
2088 1647 2196 1717 vel
2230 1651 2300 1714 in
2327 1670 2455 1738 qua
2489 1670 2561 1715 ro
2647 1710 2652 1718 .

156 1798 165 1811 ,
237 1772 435 1818 causa
475 1763 775 1837 tanquam
819 1749 1107 1816 efficiens
1154 1751 1483 1831 corniton-5
1528 1771 1609 1813 ea
1647 1751 1719 1813 in
1761 1750 2130 1815 accusativo
2173 1755 2332 1837 poni
2375 1750 2560 1818 solet.

237 1855 423 1920 Adeo
460 1856 639 1948 ‘tertii
672 1866 738 1919 et
787 1855 997 1940 quarti
1030 1872 1224 1917 casus
1257 1854 1600 1918 discrimen
1642 1852 1773 1937 ipsi
1808 1854 2051 1917 nomini
2080 1856 2266 1939 quasi
2299 1855 2559 1929 insitum
2650 1885 2669 1899 ·

240 1970 307 2023 et
342 1960 634 2022 innatum
680 1957 822 2021 ‘et-it.
923 1953 1182 2021 Tertius
1224 1958 1394 2019 enim
1436 1944 1667 2031 casus,
1729 1955 1787 2018 si
1829 1975 1979 2019 eum
2005 1955 2110 2020 md
2155 1953 2450 2022 homines
2497 1971 2563 2023 et

238 2080 545 2146 personas
595 2072 900 2145 tauquam
955 2059 1225 2124 actionis
1291 2056 1395 2122 vel
1450 2058 1857 2123 commodum
1917 2057 2026 2123 vel
2080 2061 2562 2124 incommodum

241 2163 629 2247 accipientes
667 2164 929 2246 proprie
979 2163 1301 2244 pertinere
1343 2161 1849 2245 disputavimus,
1900 2160 1994 2224 ita
2035 2160 2285 2244 quidem
2331 2174 2403 2226 ut
2453 2183 2580 2243 res,

235 2266 590 2342 inanimeS,
662 2264 788 2326 nisi
837 2282 1115 2347 persona
1156 2261 1536 2341 induantur,
1616 2282 1745 2326 non
1799 2263 2113 2346 patiatur:
2198 2258 2563 2347 αἰτιατικῆς

236 2366 529 2450 profecto
564 2366 829 2428 nomine
861 2396 961 2414 --
998 2365 1295 2431 effectum
1325 2365 1500 2457 enim
1529 2362 1692 2428 nihil
1730 2364 1858 2428 nisi
1899 2376 2213 2437 mel-ares
2247 2368 2563 2452 cogitatur

241 2487 449 2556 eaque
474 2467 732 2552 patiens
759 2503 860 2517 ·-
889 2467 1347 2552 comprehendi
1380 2459 1513 2531 non
1540 2478 1774 2551 potest.

441 2569 629 2634 Haec
666 2572 850 2656 origo
901 2572 960 2633 si
1003 2571 1101 2633 rei
1141 2582 1206 2634 et
1235 2569 1518 2631 nominis
1558 2585 1874 2631 consensu
1908 2578 1988 2631 et
2004 2570 2188 2654 quasi
2216 2568 2563 2635 concordia

241 2671 724 2738 commendatur
766 2674 874 2754 (in
917 2680 1225 2734 concentu
1273 2680 1483 2733 autern
1528 2670 1815 2735 veritatis
1850 2672 2099 2735 numeri
2124 2671 2300 2736 velut
2324 2670 2562 2765 Pytha-

240 2771 448 2861 gorici
500 2774 698 2859 positi
742 2771 962 2855 sunt):
1048 2771 1295 2837 accedit
1347 2783 1568 2851 vetus,
1657 2773 2034 2856 opinamur,
2099 2778 2557 2842 testimonium.

226 2873 686 2960 xEtymologica
720 2874 971 2970 quidem
1004 2872 1250 2940 Graeca
1284 2874 1719 2962 nequidquam
1753 2872 2133 2942 evolvimus.
2236 2875 2367 2941 Sed
2399 2876 2562 2942 Dio-

238 2977 467 3060 nysius
497 2974 728 3041 Thrax
757 2976 953 3063 (apud
982 2973 1235 3042 Fabric.
1265 2975 1349 3041 V.
1379 3000 1433 3042 c.
1476 2981 1541 3041 7.
1573 2999 1634 3061 p.
1655 2981 1773 3041 30.
1806 2979 1906 3042 ed.
1932 2997 2029 3063 pr.
2081 2978 2252 3063 apud
2272 2977 2559 3044 Bekker.

240 3081 311 3142 in
342 3080 632 3145 anecdot.
662 3077 772 3142 Gr.
803 3101 868 3163 p.
902 3084 1100 3167 636.)
1134 3080 1226 3144 ita
1252 3076 1512 3144 scribit:
1565 3082 1814 3165 λέγεται
1843 3076 1885 3160 ἡ
1908 3084 2030 3170 μὲν
2054 3072 2236 3168 ὀρθὴ
2265 3078 2558 3167 (πτῶσις)

140 3177 149 3190 ’
241 3174 637 3268 ὀνομαστικὴ
676 3183 785 3247 καὶ
832 3178 1068 3250 εὐθεῖα
1124 3217 1226 3231 -
1272 3180 1324 3263 ἡ
1382 3183 1457 3248 δὲ
1518 3181 1940 3267 αἰτιατικῇ
2011 3176 2557 3249 κατάἰτὶαιν.

241 3280 427 3358 Quae
466 3281 665 3350 verba
705 3277 1055 3348 accusativi
1103 3283 1361 3370 quidem
1403 3285 1662 3347 nomiae
1707 3295 2086 3349 occoecatus
2131 3283 2262 3364 „ad
2296 3303 2561 3350 accusa-

240 3387 436 3450 tionis
475 3386 785 3451 modum“
826 3395 1181 3451 convertas.
1277 3382 1410 3449 Sed
1453 3385 1578 3452 hoc
1624 3386 1706 3449 ad
1748 3406 1885 3451 rem
1930 3387 2212 3451 ieiunum
2232 3431 2253 3466 ,
2299 3384 2434 3451 ab
2415 3409 2559 3474 ipso

242 3501 454 3553 autem
497 3486 696 3554 verbo
714 3532 736 3566 ,
804 3489 862 3551 si
906 3487 1212 3571 opinione
1252 3488 1614 3552 inveterata
1658 3485 1886 3554 relicta
1933 3486 2309 3614 simpliciter
2363 3491 2560 3555 inter·

239 3591 538 3675 preter-is,
597 3588 796 3675 plane
848 3586 1482 3673 alienum.1taqne
1539 3579 1581 3672 ἦ
1642 3591 1717 3657 δὲ
1769 3584 2097 3673 αἰτιατική
2143 3588 2292 3658 κατ’
2339 3585 2562 3658 αιτίαν

239 3690 404 3755 nibil
441 3690 615 3756 aliud
657 3691 979 3777 significat
1014 3692 1144 3755 nisi
1180 3683 1544 3757 effectivum
1590 3689 1697 3757 vel
1735 3693 2136 3758 causativum
2171 3693 2197 3777 (
2212 3691 2450 3756 audere
2481 3691 2561 3755 li-

241 3806 387 3859 ccat
429 3790 808 3859 vocabulum
851 3814 931 3859 eo
977 3804 1150 3860 certe
1198 3811 1432 3875 sensu,
1502 3813 1629 3880 quo
1678 3785 2007 3862 causatum
2057 3792 2429 3878 finxerunt)
2477 3795 2558 3867 ad

244 3916 487 3960 causae
537 3895 846 3959 rationem
912 3916 1058 3959 esse
1125 3895 1381 3960 dictum.
1482 3894 1731 3961 Scholii
1794 3895 2050 3981 quidem
2118 3905 2372 3975 auctor,
2438 3893 2560 3963 τοῦ

243 3997 579 4082 αἰτιατοῦ,
649 3994 839 4083 quale
887 3996 1058 4080 apud
1095 3994 1524 4080 philosophos
1576 3995 1845 4082 legitur,
1917 3993 2088 4058 haud
2134 4013 2421 4077 memor,
2485 4001 2556 4063 in
2613 4059 2616 4064 Α

241 4099 412 4164 idem
479 4120 556 4172 ac
609 4098 832 4164 Latini
889 4097 1119 4162 incidit
1167 4098 1413 4161 vitium.
1517 4096 1650 4161 Sed
1708 4113 1901 4181 quum
1965 4109 2097 4161 tam
2151 4094 2558 4187 negligenter

245 4201 561 4287 disputet,
631 4212 701 4265 ut
745 4203 825 4265 iu
860 4197 1338 4282 1ll1s·D10nysn
1384 4196 1596 4263 verbis
1647 4198 2053 4283 exponendis
2100 4191 2459 4270 αιτιᾶσθαι
2493 4216 2560 4269 et
2678 4221 2687 4229 ’

242 4308 584 4373 αἰτεῖσθαι
614 4304 996 4371 confundat:
1038 4303 1148 4368 isti
1183 4321 1312 4365 non
1339 4309 1583 4366 tantum
1614 4299 2015 4367 tribuendum
2059 4299 2191 4383 est,
2243 4320 2314 4368 ut
2350 4325 2474 4369 nos
2513 4327 2559 4369 a
2616 4345 2620 4354 ·

242 4419 420 4473 recta
446 4408 550 4473 via
573 4419 837 4474 avertat.
918 4403 1107 4473 Haec
1137 4407 1304 4472 enim
1338 4403 1525 4472 affert
1558 4404 1753 4493 (apud
1779 4401 1989 4508 Bekk.
2017 4427 2082 4494 p.
2119 4409 2350 4494 862.)2
2392 4403 2558 4474 κατὰ
2587 4469 2590 4476 .
