2967 4925
1183 178 1195 199 '
1234 232 1350 243 --
1469 187 1636 275 112
1749 232 1866 246 ·-—
1901 250 1911 262 ,

397 410 527 459 non
572 387 895 455 hereditas
940 385 1362 478 (Beerbung)
1415 408 1636 455 eornm
1696 382 2068 467 dicebantur
2126 383 2580 472 Heergewetto
2633 384 2717 450 ab

286 548 291 551 .
397 493 577 560 Heer
623 503 689 555 et
728 490 978 557 Gewett
1004 495 1050 556 i.
1082 515 1141 557 e.
1172 495 1408 580 pignus
1435 496 1576 558 sive
1602 493 1769 578 quod
1812 497 1879 557 in
1922 488 2078 555 belli
2109 501 2177 553 et
2211 488 2485 553 militiae
2512 492 2718 555 susci·
2745 526 2752 529 -

387 580 668 685 ‘piendae
721 596 966 681 pignus
1025 593 1252 671 heredi
1297 594 1802 682 relinquebatur.
1902 593 2172 659 Etenim·
2204 590 2462 655 heredis
2516 593 2718 657 vestis

392 694 673 760 bellicae
702 711 871 774 erat,
920 698 1267 766 vindictam
1295 698 1587 766 familiae
1625 718 1966 764 exercere,
2070 693 2368 778 Denique
2416 692 2719 778 appella-

390 788 583 865 batur
627 799 854 865 eadem
902 799 1243 867 Hei-weda.
1345 822 1408 864 v.
1451 799 1792 865 Ditbmar..
1822 801 1904 864 ad
1951 797 2164 863 Tacit.
2195 794 2410 860 Germ.
2437 818 2502 880 p.
2542 801 2574 858 1
2596 788 2712 858 1‘1.

399 906 570 966 186.
597 902 737 966 init.
781 901 1143 988 ibidemque
1185 902 1401 967 locum
1442 901 1774 967 Leibnitii.
1871 899 2044 967 Illud
2085 896 2364 969 officium
2404 893 2713 962 heredum

392 1004 600 1068 vestis
643 1002 917 1070 bellicae
953 1006 1434 1092 antiquissimus
1477 1026 1620 1070 mos
1678 1004 1824 1069 fuit.
1941 1001 2211 1067 Tacitus
2267 1001 2505 1080 refert,
2580 1020 2715 1063 non

391 1103 606 1171 filium
634 1118 802 1201 natu
862 1109 1223 1177 maximum
1279 1114 1529 1171 ‘vestem
1595 1104 1897 1172 bellicam
1950 1103 2307 1173 hereditate
2358 1103 2715 1187 accepisse,

391 1208 509 1273 sed
569 1206 1124 1290 robustissimum,
1207 1207 1714 1305 validissimum,
1804 1208 2246 1275 fortissimum.
2352 1202 2570 1269 Facile
2624 1224 2717 1269 ex
2751 1268 2758 1271 .

396 1310 690 1375 moribus
736 1309 1204 1399 Germanorum
1268 1311 1588 1397 explicari
1643 1324 1895 1395 potest,
1945 1331 2098 1381 ,cur
2157 1306 2244 1373 ab
2285 1308 2370 1372 iis
2430 1306 2555 1375 boc
2610 1307 2714 1370 ius
2771 1379 2788 1395 ⁸

312 1486 317 1491 ,
396 1415 877 1480 successionum
922 1430 1250 1503 receptum
1296 1416 1512 1483 fuerit.
1615 1414 1866 1480 Etenim
1916 1414 1984 1477 in
2031 1412 2478 1497 possessione
2514 1409 2713 1472 vestis

392 1502 672 1583 bellicae
714 1517 1135 1599 inhaerebat,
1201 1530 1271 1583 ut
1296 1519 1478 1596 dixi,
1523 1515 1803 1580 officium
1846 1514 2165 1579 vindictae
2187 1510 2714 1630 propinquorum,

392 1632 460 1684 et
490 1619 785 1705 verigildi
811 1641 935 1703 pro.
961 1616 1045 1685 iis
1076 1621 1448 1704 propinquis
1456 1564 1898 1693 exsolvendi,
1950 1616 2060 1700 qui
2087 1616 2213 1699 ipsi
2243 1636 2371 1679 uon
2401 1613 2713 1681 solvendo

393 1733 634 1809 essent.
732 1719 928 1803 Atqui
956 1741 1098 1783 euni
1137 1720 1424 1791 dominio
1451 1718 1636 1783 fundi
1673 1716 1824 1802 lege
1869 1712 2381 1803 Thuringorurn,
2437 1730 2506 1781 ut
2549 1717 2714 1803 vidi-

392 1841 578 1900 mus,
624 1819 815 1887 heres
844 1814 1087 1899 veste'm
1129 1819 1431 1887 bellicam
1464 1820 1754 1887 defuncti
1780 1833 1846 1883 et
1877 1816 2156 1884 officinm
2195 1817 2356 1883 illud
2388 1810 2712 1885 vindictae

395 1944 473 2017 ac
502 1922 796 2008 verigildi
827 1921 1223 2008 accipiebat:
1264 1922 1595 1987 dominnm
1627 1934 1839 1987 autem
1865 1921 2069 1997 fundi,
2114 1922 2175 1984 si
2204 1910 2488 2003 alodium
2521 1933 2714 2002 esset,

391 2024 665 2091 militiae
707 2025 777 2088 iu
817 2026 1158 2111 germania
1200 2026 1339 2088 sive
1382 2025 1675 2091 exercitu
1713 2025 1930 2111 regim
1985 2025 2046 2086 si
2084 2024 2349 2088 feodum
2377 2035 2588 2102 esset,
2641 2025 2711 2087 in

387 2127 736 2215 praesidiis
765 2129 1038 2195 senioris
1073 2118 1492 2195 sustinendae
1516 2124 1890 2193 obstrictum
1922 2126 2126 2193 fuisse
2155 2138 2427 2191 constat.
2513 2120 2710 2199 Quod

256 2308 263 2315 ἕ
393 2229 453 2299 si
480 2230 677 2317 igitur
704 2251 870 2295 unus
897 2243 1144 2297 tantum
1178 2229 1485 2297 heredum
1525 2231 1801 2297 marium
1842 2220 2208 2315 supererat,
2259 2227 2368 2292 hic
2404 2241 2550 2313 post,
2575 2225 2713 2312 ple-

393 2353 549 2401 nam
598 2345 874 2399 aetatem
895 2378 917 2415 ,
965 2335 1107 2398 sive
1151 2353 1295 2399 cum
1327 2333 1688 2419 quindecim
1733 2352 1943 2399 annos
1981 2330 2411 2416 explevisset,
2462 2342 2709 2395 vestem

250 2503 261 2509 ,
390 2433 695 2506 bellicam
740 2435 1043 2514 obtinuit.¹
1133 2434 1251 2502 Sin
1301 2432 1536 2523 plures⁸
1568 2431 2176 2505 heredesmasouli
2232 2455 2437 2499 sexus
2486 2453 2713 2518 super·-

324 2583 341 2591 ae
392 2542 583 2608 stites
629 2555 847 2619 arant,
901 2541 1344 2625 antiquissimo
1364 2549 1567 2608 ‘more
1610 2561 1740 2608 non
1770 2560 2025 2623 semper
2055 2552 2207 2602 natu
2237 2538 2568 2602 maximus
2598 2533 2714 2600 ob·

270 2631 283 2644 ’
393 2640 683 2721 fluebat,
723 2643 841 2707 sed
882 2644 977 2707 ita
1017 2652 1304 2722 tantum,
1362 2644 1424 2706 si
1464 2644 1643 2708 idem
1683 2640 2176 2710 robustissimus
2217 2639 2712 2705 etsortissimus

278 2757 285 2762 “
392 2764 539 2808 esse
577 2743 916 2807 videretur.
1013 2741 1187 2807 Nam
1231 2746 1340 2808 ius
1364 2758 1540 2837 ,natu
1579 2748 2015 2809 maximorum
2059 2742 2711 2828 (primogenituram)

334 2887 349 2896 -
382 2866 475 2912 *ea
521 2855 706 2910 aetas
732 2846 1035 2909 =noudum
1078 2855 1380 2914 novel-at:
1441 2845 1513 2910 id
1556 2845 1813 2909 demum
1872 2856 2027 2926 post
2080 2845 2277 2906 feoda
2341 2841 2715 2908 hereditatis

389 2948 547 3014 iura
570 2958 932 3039 propagata
985 2944 1256 3021 evaluit3
1331 2944 1500 3010 baec
1558 2959 1775 3010 autem
1823 2945 2161 3010 feodorum
2205 2943 2531 3008 hereditas
2581 2965 2714 3008 non
2829 2987 2843 2996 -

391 3063 544 3118 ante
589 3046 893 3115 Carolum
936 3046 1213 3114 Calvum
1252 3046 1509 3132 publice
1549 3046 1701 3135 lege
1739 3046 2082 3111 constituta
2113 3058 2234 3108 est.
2332 3042 2466 3112 Sub
2500 3046 2713 3130 prima

387 3150 645 3215 familia
680 3173 908 3237 regum
948 3151 1338 3216 Francorum
1380 3150 1667 3214 nondum
1709 3147 1890 3212 illam
1927 3148 2159 3211 aetatis
2190 3149 2710 3233 praerogativam

391 3250 852 3336 agnoscebant.
960 3250 1138 3315 Sicut
1166 3272 1368 3335 regna
1397 3254 1565 3317 inter
1603 3254 1836 3320 fratres
1879 3246 2362 3330 dividebantur,
2408 3247 2503 3312 ita
2543 3251 2712 3314 inter
2807 3307 2836 3321 ,

390 3372 466 3420 ιο
526 3353 764 3418 fratres
824 3350 1047 3416 alodia
1107 3350 1567 3436 partiebantur.
1669 3353 1725 3418 F
1728 3353 1893 3416 eoda
1958 3354 2292 3417 etiamtum
2353 3354 2712 3416 nnuntiari

302 3529 317 3539 κ
388 3450 668 3533 licebat,
712 3452 913 3518 velia
947 3456 1113 3520 vitas
1153 3454 1447 3541 singulas
1490 3453 1992 3522 mandabantur:
2049 3455 2220 3520 unde
2262 3457 2584 3540 seqnitur,
2627 3476 2710 3519 ea

388 3554 750 3630 hereditate
777 3557 963 3648 prodi
989 3557 1264 3622 nondum
1298 3560 1603 3643 potuisse.
1703 3556 1840 3622 Sub
1879 3557 2164 3623 secunda
2200 3555 2453 3621 familia
2480 3578 2710 3643 regum

388 3658 787 3734 Francorum
813 3658 1034 3728 titulus
1068 3658 1563 3746 Imperatorius,
1613 3682 1803 3749 quem
1833 3660 2211 3725 Ludovicus
2245 3659 2396 3723 Pius
2416 3658 2708 3746 gerebat,

389 3777 459 3834 et
485 3785 673 3850 quem
711 3765 780 3828 in
810 3762 1200 3834 ,Lotbarium
1245 3761 1454 3828 filium
1497 3777 1654 3828 natu
1701 3765 2062 3829 maximum
2106 3760 2416 3842 eontulit,
2466 3763 2708 3840 effecit,

388 3878 462 3932 at
496 3864 631 3932 filii
673 3880 830 3932 natu
874 3868 1151 3936 maximi
1188 3869 1371 3953 quasi
1413 3857 1734 3953 quendam
1768 3867 2198 3951 principatum
2231 3868 2396 3929 inter
2422 3865 2712 3929 iuniores

391 3964 811 4036 stati-esame
851 3982 1165 4062 putarent.
1256 3967 1404 4035 Hoc
1446 3971 1650 4055 igitur
1689 3963 1920 4034 titulus
1965 3964 2710 4055 imperatorius'effecitt

390 4067 497 4131 ins
547 4068 861 4134 natalium
905 4070 1220 4135 Lotbario
1262 4074 1687 4138 essenemini
1729 4075 1795 4135 in
1844 4087 2125 4137 mentem
2179 4072 2371 4135 venit.
2488 4065 2704 4142 Quum

392 4187 550 4234 vero
580 4171 776 4235 feoda
806 4170 1159 4238 hereditate
1178 4173 1462 4259 relinqui
1496 4178 1891 4258 coepissent,
1945 4176 2049 4237 ius
2088 4184 2241 4235 natu
2274 4170 2704 4234 maximorum

392 4273 593 4338 etiam
620 4273 690 4337 in
720 4271 1070 4339 hereditate
1104 4276 1441 4342 feodorum
1473 4278 1702 4344 eodem
1746 4278 1978 4356 modo,
2015 4296 2139 4360 quo
2182 4274 2249 4336 in
2303 4271 2708 4338 successione
