2967 4925
243 901 600 1023 Quotquot
632 941 889 1002 exstant
926 931 1210 995 virorum
1263 931 1639 1009 doctorum,
1667 933 1841 1019 -qnid
1873 930 2132 999 Platoni
2170 937 2237 1000 in
2260 942 2567 1027 πολιτείᾳ

238 1040 635 1125 propesitum
682 1035 915 1113 fuerit,
978 1035 1414 1118 quaerentium
1449 1035 1955 1120 disputationes,
2009 1035 2204 1118 illud,
2245 1043 2415 1127 quod
2459 1043 2566 1107 Ci-

238 1141 386 1207 cero
432 1138 628 1203 Tusc.
676 1133 762 1199 11.
814 1139 935 1217 11,
981 1139 1119 1200 27.
1152 1140 1559 1221 paucissimis
1608 1136 1822 1204 verbis
1871 1135 2294 1230 significavit:
2359 1141 2566 1212 Recte

234 1249 446 1329 igilur
475 1264 518 1307 a
548 1238 821 1305 Platone
834 1179 1201 1306 ed'nctmtur
1227 1240 1511 1324 (poetae)
1540 1262 1578 1303 e
1621 1248 1923 1322 civitate,
1971 1246 2154 1328 quem
2173 1246 2405 1326 firmic
2421 1251 2563 1330 elle,

239 1366 379 1412 cum
420 1364 652 1438 mores
676 1347 940 1426 optmoe
986 1345 1056 1406 et
1095 1349 1395 1427 optimum
1445 1342 1847 1425 reipublicae
1887 1355 2123 1410 stacam
2166 1357 2566 1435 exquireret,

239 1446 405 1516 mihi
446 1467 576 1512 non
617 1445 831 1507 minus
866 1463 1058 1529 quam
1086 1442 1482 1510 Schneidero
1513 1444 1792 1511 Praefat.
1823 1445 1908 1509 ad
1934 1445 2097 1511 Plat.
2123 1449 2295 1513 civit.
2336 1474 2403 1536 p.
2441 1454 2576 1520 xl.

237 1563 502 1640 propter
553 1544 1033 1631 simplicitatem
1093 1560 1159 1612 et
1213 1537 1721 1613 convenientiam
1767 1550 2099 1634 cunvipso
2142 1573 2372 1635 opere,
2433 1561 2564 1641 quo‘

239 1654 496 1720 ethicen
549 1649 771 1727 simul,
820 1660 894 1712 ut
943 1647 1378 1714 Schneiderus
1426 1650 1555 1731 ait,
1610 1671 1686 1715 ac
1717 1649 2018 1736 politicen
2056 1657 2405 1742 perfectam
2449 1680 2571 1723 ex·

235 1747 447 1838 hibet,
515 1755 766 1834 videtur
820 1751 1186 1818 tenendum.
1272 1752 1349 1818 „A
1409 1757 1564 1840 qua*
1592 1752 2006 1839 simplicitate
2035 1751 2410 1841 'paullulum
2452 1762 2563 1826 de-

232 1861 557 1930 flexerunt
591 1878 709 1937 ea,
758 1877 921 1942 quae
949 1854 1411 1924 Stallbaumius
1447 1856 1532 1920 de
1558 1868 1942 1941 argumento
1969 1868 2035 1922 et
2063 1845 2336 1926 coneilio
2363 1864 2562 1929 libro-

235 1986 375 2030 rum
420 1964 713 2029 Platone
747 1964 863 2045 qui
894 1960 980 2024 de
1018 1959 1359 2045 republica
1389 1966 1700 2044 inscripti
1715 1970 1896 2039 em,
1937 1960 2563 2045 p.xxV11.xL1.

231 2065 418 2132 LIII.
461 2079 528 2132 et
566 2061 883 2129 LXXIV.
912 2061 1307 2147 explicatius
1336 2081 1528 2148 quam
1557 2061 1886 2128 definitius
1926 2066 2213 2148 scripsit:
2280 2066 2561 2166 „Itaque

231 2173 494 2242 'reiectis
532 2185 753 2232 eorum
804 2166 1177 2242 sententiis,
1228 2166 1339 2248 qui
1381 2164 1794 2262 praecipuam
1835 2168 2275 2270 quaestionem
2322 2181 2441 2237 aut
2480 2174 2563 2238 de

141 2255 146 2275 ι
231 2245 485 2339 iustitia
528 2279 639 2332 aut
669 2266 750 2332 de
778 2259 1109 2353 republica
1140 2285 1286 2330 esse
1317 2275 1736 2344 censuerunt,
1780 2265 2105 2332 summum
2149 2274 2362 2356 operis
2407 2296 2562 2341 con..

236 2375 456 2439 silium
526 2373 595 2436 in
651 2390 731 2435 eo
791 2368 1223 2453 quaerendum
1286 2364 1708 2448 arbitramur,
1767 2383 1837 2434 ut
1884 2371 2228 2440 universae
2285 2377 2560 2455 virtutis,

230 2475 488 2566 qualus.
470 2499 538 2540 ιιι
567 2475 745 2539 omni
774 2471 1106 2537 hominum
1134 2475 1301 2551 vita,
1342 2474 1479 2535 tuin
1512 2472 1865 2537 domestica
1891 2486 2021 2537 tum
2051 2473 2345 2559 publiea,
2381 2485 2563 2545 cerni

229 2578 501 2660 debeat,
548 2581 767 2667 imago
802 2574 1020 2661 aliqua
1058 2588 1457 2659 proponatur
1497 2587 1689 2661 atque
1727 2577 2038 2661 species,
2071 2580 2241 2642 unde
2292 2579 2422 2646 ιὶιιιι
2466 2586 2595 2650 vis.

230 2697 298 2749 et
338 2697 567 2747 natura
612 2679 862 2746 virtutis
908 2691 1041 2757 tum
1092 2677 1234 2741 eius
1275 2676 1557 2773 dignitas
1591 2690 1655 2740 et
1687 2681 2085 2767 praestantia
2110 2690 2561 2769 cognoscatur,

228 2786 548 2873 simulque
581 2792 928 2870 appareat,
977 2801 1167 2865 quam
1193 2801 1352 2866 pert»
1356 2800 1542 2845 ersae
1582 2782 1711 2846 sint
1735 2776 2176 2875 sophistarum
2206 2787 2286 2851 de
2313 2789 2563 2856 iustitia

230 2891 527 2975 omnique
570 2890 806 2953 virtute
850 2883 1252 2968 opiniones-‘⁶
1348 2880 1513 2947 Cum
1559 2882 1682 2951 Vir
1722 2882 1810 2949 D.
1850 2890 2164 2975 extremis
2206 2888 2330 2957 his.
2343 2892 2560 2959 verbis

229 2991 659 3078 sophistarum
720 2980 1209 3074 perversitatem
1255 2996 1782 3057 commemorans
1830 2990 1913 3053 ad
1958 2993 2325 3073 proximam
2367 2995 2557 3062 huius

226 3095 468 3183 dialogi
500 3114 799 3160 caussam
832 3089 1307 3168 descendisset,
1357 3086 1590 3153 vellem
1635 3093 1830 3153 etiam
1885 3089 2150 3155 alteram
2197 3106 2261 3158 et
2301 3100 2557 3163 teitiam

227 3208 544 3275 caussam,
589 3219 716 3283 qua
741 3192 924 3260 Plato
955 3186 1037 3258 ad
1063 3192 1233 3257 hanc
1258 3191 1514 3278 quidem
1547 3193 1956 3279 scriptionem
1990 3202 2369 3289 moveretur,
2405 3199 2558 3267 huie

226 3286 374 3368 loco
420 3303 611 3387 (nam
657 3298 804 3362 aliis
839 3294 1004 3361 locis
1034 3296 1324 3371 eiusdem
1356 3294 1806 3387 disputationis
1836 3298 1994 3371 istas
2021 3292 2288 3383 caussas
2321 3324 2549 3389 omnes

225 3402 693 3473 Stallbaumius
728 3401 888 3465 scite
930 3401 1277 3485 exposuit)
1330 3400 1711 3475 adiecisset,
1762 3421 1997 3485 pravas
2043 3404 2393 3471 civitatium
2421 3408 2557 3472 for-

225 3527 373 3572 mas
401 3503 731 3590 intelligo,
770 3501 1062 3587 inprimis
1092 3499 1549 3581 Atheniensis,
1584 3523 1754 3587 quae
1784 3515 1922 3565 toto
1953 3502 2122 3568 libro
2152 3505 2337 3572 VIII.
2354 3513 2557 3575 'casti-

225 3621 497 3696 gantur,
529 3620 593 3671 et
620 3602 1129 3693 philosophiam,
1181 3623 1345 3690 quae
1392 3624 1524 3667 non
1556 3606 1768 3667 minus
1812 3590 2002 3692 quain
2031 3609 2315 3673 iustitiae
2344 3612 2553 3698 digni·

223 3724 329 3778 tas
384 3708 468 3774 ab
494 3711 767 3781 invidia
811 3720 875 3774 et
919 3704 1323 3773 contumelia
1345 3702 1681 3771 videbatur
1721 3703 2095 3788 liberanda,
2152 3711 2218 3773 in
2270 3735 2458 3805 quam
2489 3726 2557 3779 et

186 3872 189 3879 .
225 3837 449 3881 eorum
481 3774 706 3898 culpa,
751 3815 859 3898 qui
903 3808 1267 3899 philosophi
1307 3802 1593 3875 solerent
1631 3808 1984 3897 appellari,
2036 3824 2102 3876 et
2131 3811 2407 3881 aliorum
2443 3838 2555 3882 ne·

223 3921 430 4007 quitia
478 3918 840 3992 incidisset,
895 3914 1009 3999 qui
1047 3911 1131 3976 ad
1172 3914 1388 3983 insciti
1441 3911 1698 3997 populi
1692 3910 2095 3979 voluntatem
2147 3914 2384 3983 vellent
2427 3923 2553 3985 rei·

220 4021 528 4110 publicae
573 4016 1192 4089 administrationem
1234 4015 1461 4079 referri
1513 4014 1681 4099 (vid.
1705 4011 1753 4077 l.
1788 4012 1907 4080 vl.
1940 4038 2005 4102 p.
2040 4022 2553 4111 487--497.).
2633 4093 2646 4101 ,

219 4125 329 4193 De
376 4145 571 4211 verae
618 4133 831 4187 autem
878 4114 1329 4207 philosophiae
1361 4116 1574 4180 studio
1615 4118 1881 4203 eiusque
1918 4121 1983 4183 vi
2012 4134 2077 4186 et
2109 4143 2230 4188 usu
2254 4127 2323 4189 in
2352 4127 2556 4192 admi·

222 4226 561 4295 nisti-anda
582 4229 851 4292 ‘civitate
887 4238 950 4288 et
980 4226 1045 4288 in
1073 4219 1493 4285 emendandis
1519 4217 1808 4309 moribus
1848 4233 1920 4286 ut
1956 4219 2139 4290 Plato
2183 4241 2316 4293 tam
2353 4229 2555 4311 multa

221 4333 374 4415 inde
405 4329 516 4397 al.
534 4326 618 4396 V.
639 4354 696 4417 p.
714 4335 882 4397 471.
910 4327 997 4393 D.
1024 4337 1367 4419 per-totum
1394 4321 1533 4389 fere
1563 4337 1820 4409 sextum
1851 4324 2284 4415 etseptimum
2316 4314 2552 4398 librum
2591 4346 2598 4389 ῑ

224 4450 289 4501 et
336 4431 489 4501 libri
537 4436 991 4523 uonipmma
1025 4430 1305 4509 diceret,
1354 4429 1578 4518 iniqua
1621 4431 1750 4505 ista
1791 4443 1963 4501 sorte
2006 4432 2458 4522 philosophiae
2483 4458 2553 4501 se

1936 4528 2030 4601 14
2062 4535 2095 4571 ¹¹¹

1124 4623 1211 4669 κ,
