2967 4925
1076 231 1236 264 ...e
1354 205 1518 286 179
1636 170 1764 266 -i-1

272 408 567 495 Φρυγίου
598 402 858 473 λίθου.
884 404 1289 490 πεποίηνται
1340 411 1412 475 δὲ
1452 411 1563 475 καὶ
1611 420 1755 487 ταις
1803 411 2029 486 στοαῖς
2075 403 2243 477 ’κατα
2294 433 2380 476 τα
2424 405 2598 477 αὐτὰ
2653 415 2657 419 Α

269 511 333 575 οἱ
384 511 609 594 τοῖχοι.
690 512 803 576 καὶ
869 507 1199 593 οἰκήματα
1260 508 1564 578 ἐνταῦθα
1628 512 1800 580 ἐστιν
1864 504 2094 604 δρός-ῳ
2154 537 2223 578 τε
2272 510 2597 603 ὲπιχρύσω

184 621 212 696 „⁸
270 613 383 676 καὶ
448 602 843 735 ἀλαβάστρῳ
896 612 1111 699 λίθω,
1192 608 1359 701 πρὸς
1437 615 1510 682 δὲ
1569 607 1956 701 ἀγάλμασι
1984 616 2423 736 κεκοσμημένα
2486 620 2601 681 καὶ
2655 615 2658 618 ’
2764 649 2772 658 ι

269 715 587 799 γραφαῖς·
669 711 1041 783 κατάκειται
1090 718 1162 783 δὲ
1210 717 1274 793 ἐς
1327 708 1502 782 αὕτα
1541 718 1789 802 βιβλία.
1852 719 1964 784 καὶ
2010 710 2379 804 γυμνασιόν
2424 718 2601 784 ἐστὶν

271 812 631 900 ἑπωνυμον
659 813 1035 904 Ἀδριανοῦ·
1119 820 1330 895 κίονες
1381 819 1453 885 δὲ
1505 822 1617 884 καὶ
1681 816 1987 887 ἐνταῦθα
2039 814 2269 888 ἑκατὸν
2322 823 2634 888 maora-e

269 922 432 1003 μίας
486 918 605 999 τῆς
650 912 969 1004 Λιβύων.
2581 945 2586 952 ·

256 1085 265 1091 ,
348 1027 359 1042 '
476 1019 664 1084 Haec
707 1023 928 1086 omnia
963 1023 1033 1085 in
1068 1020 1550 1111 Hadrianopoli
1597 1025 1640 1088 i.
1674 1045 1734 1088 e.
1775 995 2180 1087 meridionali
2210 1035 2389 1107 parte
2407 993 2664 1085 urbis'

273 1116 358 1185 ab
411 1117 753 1187 Hadriano
788 1125 1115 1187 nominata
1147 1121 1530 1190 collocanda
1580 1148 1727 1191 esse
1760 1134 1986 1192 censet
2017 1124 2373 1190 Muellerus
2400 1122 2598 1188 Attic.

270 1244 348 1309 p.·
372 1228 547 1288 238.
653 1220 843 1299 Quod
886 1223 1033 1290 etsi
1049 1246 1178 1288 non
1211 1224 1514 1317 abhorret
1541 1226 1621 1291 ab
1654 1233 1827 1293 omni
1863 1227 2453 1304 verisimilitudine,
2502 1240 2602 1292 ta.-
2653 1231 2658 1236 ’

271 1328 425 1389 men¹
469 1345 690 1390 verum
735 1349 882 1392 esse
928 1348 1051 1392 nec
1092 1327 1250 1392 ordo
1295 1347 1503 1393 rerum
1550 1352 1591 1392 a
1633 1330 1965 1394 Pausania
2010 1323 2442 1394 enarraturum
2478 1331 2638 1393 nec'

270 1426 594 1492 Hadriani
649 1423 882 1494 nomen
932 1432 1109 1493 ornni
1157 1430 1350 1495 modo
1396 1435 1651 1499 evincit.
1747 1432 2150 1497 Hadrianum
2206 1433 2375 1495 enim
2431 1428 2599 1493 alias
2655 1439 2658 1444 “

274 1551 519 1624 quoque
558 1545 779 1616 partes
812 1528 994 1620 ‚urbis
1043 1553 1371 1598 exornare
1413 1534 1736 1600 aedificiis
1790 1537 2077 1620 potuisse
2137 1531 2334 1598 facile
2376 1553 2603 1596 conce-
2651 1537 2664 1542 ’

274 1632 551 1697 «lendum
604 1647 737 1714 est,
805 1634 1189 1700 Pausaniam
1257 1648 1472 1700 autem
1541 1657 1990 1723 nonnunquam
2041 1655 2256 1700 rerum
2305 1634 2601 1698 ordinem
2655 1630 2662 1642 '

240 1734 541 1800 'mirifice
594 1735 851 1802 turbare
906 1759 994 1802 ex
1037 1740 1123 1802 iis
1168 1753 1456 1819 constat,
1482 1748 1757 1825 ·quae'a
1805 1742 1959 1804 viris
2005 1738 2210 1802 doctis
2255 1738 2335 1801 ad
2380 1732 2498 1799 lib.
2541 1735 2597 1797 1.

276 1853 415 1922 ca.p
453 1845 571 1903 14.
598 1841 738 1904 init.
777 1841 1096 1926 disputata
1126 1856 1291 1905 sunt.
1389 1842 1528 1910 Iam
1570 1856 1641 1906 ut
1686 1831 2107 1907 concedamus
2138 1839 2325 1927 plura
2367 1833 2600 1901 horum
2659 1839 2664 1846 '

277 1939 711 2006 aedificiorum
761 1946 829 2007 in
871 1941 988 2010 illa
1035 1941 1216 2007 urbis
1263 1959 1447 2029 parte
1496 1943 1612 2007 ab
1635 1944 2018 2009 Hadriano
2038 1954 2367 2007 exstructa
2426 1960 2598 2057 esse,

278 2064 475 2124 unum
519 2036 736 2109 tamen
787 2045 985 2111 liceat
1025 2049 1353 2125 eximere,
1443 2051 1633 2124 θεοῖς
1697 2059 1838 2125 τοῖς
1894 2043 2097 2113 πᾶσιν
2149 2019 2327 2132 ἱερὸν
2377 2038 2602 2110 κοινόν

277 2147 417 2210 sive
463 2146 817 2212 Pantheon.
916 2146 1235 2211 Scilicet
1216 2171 1285 2211 ιιι
1324 2163 1505 2232 parte
1549 2146 1727 2212 urbis
1773 2146 2258 2233 septentrionali
2303 2159 2600 2227 lepertae

278 2229 426 2311 sunt
454 2244 778 2333 reliquiae
821 2248 1005 2312 aedis
1046 2246 1463 2335 magnificae,
1534 2272 1694 2335 quae
1746 2262 1914 2333 nunc
1966 2244 2430 2313 Themistoclis
2480 2263 2601 2308 seu
2672 2311 2692 2329 x

260 2339 546 2414 'Periclis
577 2350 892 2434 palatium
924 2349 1119 2437 vulgo
1149 2352 1400 2417 dicitur.
1505 2341 1793 2417 Porticus
1821 2366 1922 2416 est
1949 2354 2196 2415 formae
2228 2349 2597 2435 quadratae,

164 2500 179 2509 -
275 2452 687 2539 longitudine
729 2456 962 2540 pedum
1008 2468 1428 2520 trecentorum
1476 2458 1885 2541 septuaginta
1926 2468 1988 2517 et
2041 2474 2202 2531 sex,
2263 2448 2600 2514 latitudine

276 2557 692 2621 ducentorum
725 2560 1185 2643 quinquaginta
1217 2571 1281 2622 et
1308 2558 1572 2620 duorum
1594 2603 1614 2637 ‚
1683 2556 1989 2623 cubiculis
2018 2556 2363 2630 instructa,
2418 2552 2601 2614 cuius

277 2662 342 2721 in
375 2660 592 2722 medio
629 2659 806 2723 aliud
846 2657 1206 2724 aedificium
1252 2657 1640 2723 collocatum
1684 2671 1841 2724 erat.
1944 2656 2438 2740 Descripseiunt
2479 2652 2601 2716 has

275 2759 587 2845 reliquias
630 2760 870 2826 Stuart.
918 2760 1332 2848 Antiq..A1h.
1381 2762 1480 2826 ed.
1509 2785 1712 2848 germ.
1742 2776 1786 2826 t.
1818 2762 1871 2826 Ι.
1901 2784 1967 2846 Ρ.
2007 2764 2035 2822 1
2059 2764 2147 2824 73
2181 2781 2315 2847 sqq.
2364 2755 2598 2820 Leake

276 2872 534 2950 topogr.
563 2862 714 2928 Ath.
752 2886 813 2948 p.
850 2870 988 2930 193
1027 2874 1179 2949 sqq..
1254 2865 1463 2950 Atque
1505 2865 1790 2950 Sponius
1829 2861 2305 2948 Whelerusque
2338 2859 2596 2945 quidem

275 2969 445 3073 turpi
491 2988 703 3032 errore
749 2989 860 3030 eas
903 2988 1021 3053 pro
1055 2965 1293 3052 templo
1331 2966 1504 3032 lovis
1534 2962 1823 3052 Olympii
1850 2963 2256 3042 habuerunt,
2304 2962 2600 3025 Stuartus

272 3089 395 3154 pro
439 3068 686 3153 poecile
734 3085 913 3149 stoa,
974 3068 1268 3135 Leakius
1312 3093 1426 3155 pro
1473 3083 1619 3134 stoa
1662 3069 1980 3134 Hadriani
2021 3088 2160 3155 cum
2206 3060 2602 3127 bibliotheca

274 3170 590 3237 hocloco
635 3195 674 3236 a
719 3173 1044 3237 Pausania
1102 3189 1493 3251 memorata,
1553 3176 1836 3236 omnium
1896 3151 2173 3261 denique
2237 3161 2597 3231 rectissime

276 3276 591 3339 secundus
623 3275 846 3339 Editor
889 3274 1105 3360 Antiq.
1148 3273 1294 3339 Ath.
1341 3274 1590 3338 Stuarti
1636 3275 1735 3339 ed.
1777 3296 1977 3361 germ.
2013 3296 2077 3358 p.
2116 3276 2258 3336 2008
2289 3291 2427 3355 sqq.
2479 3287 2600 3350 pro
2671 3346 2682 3359 .

274 3374 600 3450 Panthe03
641 3396 999 3461 quanquam
1028 3376 1264 3441 ibidem
1299 3398 1358 3460 p.
1381 3383 1550 3442 209.
1584 3381 1987 3465 germanicus
2016 3389 2084 3439 ut
2114 3376 2362 3438 videtur
2392 3371 2598 3435 editor
2623 3382 2660 3399 ”·

270 3479 761 3541 annotationem
787 3480 1089 3561 inseruit,
1135 3500 1262 3564 qua
1290 3500 1367 3542 eo
1404 3481 1713 3543 audaciae
1745 3496 2126 3567 progressus
2155 3491 2286 3555 est,
2341 3486 2411 3536 ut
2439 3474 2597 3537 satis

241 3575 675 3644 >confidenter
698 3574 1077 3659 affirmaret,
1124 3603 1206 3646 ex
1243 3594 1387 3649 stoa
1414 3584 1575 3656 ista,
1617 3566 2008 3647 bibliotheca
2038 3599 2225 3665 atque
2256 3576 2596 3663 gymnasio

276 3677 643 3767 peribolum
684 3683 906 3766 templi
949 3683 1126 3747 lovis
1166 3681 1453 3768 Olympii
1502 3687 1868 3753 constitisse
1906 3688 2100 3770 inque
2143 3681 2369 3745 eodem
2408 3671 2599 3738 simul

277 3781 553 3848 Iunonis
589 3781 893 3869 Iovisque
937 3784 1343 3851 Panhelleuii
1389 3786 1635 3871 templa
1677 3808 1753 3852 ac
1792 3784 2125 3852 Pantheon
2158 3780 2239 3843 ab
2270 3778 2601 3843 Hadriano

276 3897 610 3952 exstructa
663 3907 830 3955 esse.
938 3887 1014 3951 ld
1066 3889 1231 3975 quod
1279 3908 1484 3973 neque
1543 3910 1634 3954 ex
1679 3888 2059 3962 ,Pausaniae
2113 3881 2325 3947 verbis
2377 3877 2601 3964 colligi

256 4002 495 4076 =potest
536 4010 744 4075 neque
788 4010 906 4073 per
938 4011 1025 4053 ·se
1069 3993 1401 4076 quicquam
1448 3988 1647 4054 habet·
1693 3988 2293 4056 verisimilitudinis.
2391 3980 2600 4046 Nobis

280 4088 535 4178 quidem
569 4094 678 4178 qui
710 4110 931 4156 samus
964 4090 1045 4155 ab
1084 4092 1184 4155 his
1214 4091 1378 4157 locis
1412 4097 1831 4159 remotissimi
1876 4114 2000 4158 nec
2026 4094 2361 4179 quicquam
2399 4083 2602 4148 habe·
2701 4172 2708 4183 ἰ

281 4213 427 4258 mus
464 4210 725 4279 praeter
760 4196 1081 4261 viatorum
1136 4193 1482 4259 relationes
1531 4216 1769 4283 easque
1805 4200 1974 4262 inter
2020 4212 2094 4260 se
2138 4191 2321 4256 valde
2365 4188 2606 4253 discre-

279 4300 506 4381 pantes
553 4297 821 4378 auxilii,
874 4298 1094 4363 nihil
1072 4318 1204 4362 ram
1237 4297 1549 4383 reliquum
1581 4302 1818 4365 factum
1862 4315 1991 4376 est,
2044 4317 2232 4386 quam
2276 4306 2346 4356 ut
2384 4304 2492 4355 aut
2522 4292 2605 4355 de

202 4422 221 4435 ι
279 4395 401 4479 tali
445 4419 516 4463 re
560 4400 862 4466 iudicium
908 4418 1200 4468 nostrum
1240 4403 1661 4486 retineamus,
1716 4419 1827 4470 aut
1854 4426 1942 4471 cx
1978 4398 2306 4469 veteribus
2343 4396 2607 4477 scripto-

1801 4612 1808 4619 *
1915 4524 2106 4590 12*
