2967 4925
1124 158 1826 280 .-·-344·--

553 449 736 530 Haec
776 461 1083 532 hactenus
1128 464 1215 532 ‘de
1259 477 1478 531 nostro
1522 486 1695 550 penu
1738 464 1820 528 ad
1875 465 2344 532 emendandam
2405 479 2469 532 et
2529 465 2676 532 itte·

243 629 254 634 „
353 568 675 634 strandam
717 571 1141 653 posteriorem
1183 583 1429 656 partem
1473 567 1842 636 Plutarcbei
1875 567 2025 634 libri
2057 569 2139 634 de
2168 568 2245 634 S.·
2269 565 2353 634 N.
2385 569 2475 635 V.
2524 589 2679 635 con-
2746 583 2757 596 '

354 669 636 736 tulimus.
709 669 899 737 Nunc
924 687 1164 755 restat,
1208 687 1278 738 ut
1308 673 1686 740 adiiciamus
1719 672 1803 737 ad
1832 694 2026 737 unum
2063 674 2313 752 omnia,
2365 692 2531 757 quae
2558 672 2678 738 toti

351 771 521 840 libro
562 788 697 840 tum
747 776 1147 841 emendando
1185 791 1322 842 tum
1357 775 1743 840 illustrando
1790 797 1832 839 a
1874 777 2036 840 viris
2080 775 2283 842 doctis
2324 776 2556 858 partim
2586 794 2679 838 ex

290 861 318 871 ⁶
351 879 618 966 ingenio
651 882 875 963 partim
909 902 946 943 e
973 878 1158 945 libris
1188 900 1335 945 mss·
1372 878 1523 944 olim
1557 889 1865 942 annotata
1891 878 2075 943 fuere
2114 873 2519 965 marginibus
2560 874 2679 941 At-

245 971 250 976 ·
356 981 551 1047 dinae
597 980 765 1067 Opp.
815 981 1009 1045 Morr.
1056 982 1388 1057 editionis,
1447 982 1516 1043 in
1578 978 1970 1048 bibliotheca
2013 983 2291 1048 civitatis
2333 977 2683 1046 Beruensis

358 1071 748 1149 asservatae.
855 1080 1111 1157 Quibus
1150 1085 1321 1154 netis
1359 1082 1630 1147 edendis
1679 1105 1875 1169 quum
1921 1082 2117 1148 hodie
2165 1084 2304 1148 fere
2339 1080 2505 1146 nihil
2528 1080 2688 1145 novi

355 1171 696 1265 afferatur,
728 1186 875 1248 ideo
905 1198 1123 1251 tamen
1155 1189 1421 1251 minime
1449 1184 1843 1266 dubitamus,
1884 1205 2114 1250 omnes
2145 1205 2291 1251 cum
2324 1182 2686 1269 pulvisculo

355 1286 483 1372 buc
509 1287 786 1353 referre:
837 1287 1038 1352 multa
1069 1291 1240 1353 enim
1269 1291 1355 1352 iis
1386 1299 1696 1373 occupata
1731 1287 2048 1375 simulque
2091 1287 2471 1354 confirmata
2505 1309 2687 1372 repe-

354 1393 645 1470 riuntur,
694 1412 857 1476 quae
893 1392 1015 1455 viri
1047 1391 1215 1457 docti
1248 1390 1355 1457 vel
1385 1415 1474 1458 ex
1503 1393 1766 1478 ingenio
1798 1392 1906 1459 vel
1932 1415 1974 1457 e
2005 1391 2192 1457 libris
2227 1409 2386 1456 mss.
2418 1391 2500 1454 ad
2534 1389 2683 1454 Plu-

359 1492 690 1560 tarcheutu
717 1490 950 1557 librum
982 1494 1449 1578 posterioribus
1477 1493 1871 1581 temporibus
1905 1495 2344 1569 contulerunt3
2393 1494 2684 1579 idemque
2720 1571 2747 1589 Ἴ

361 1618 556 1684 quum
600 1594 815 1661 valeat
857 1587 1153 1662 deuotis
1206 1619 1372 1685 quae
1413 1600 1484 1662 in
1534 1601 1762 1664 eodem
1805 1597 1928 1663 nlo
1980 1595 2150 1663 libro
2198 1594 2498 1662 omnibus
2552 1596 2689 1660 fere

278 1684 292 1696 ⁸
362 1698 686 1765 Plutarchi
731 1698 1040 1785 operibus
1079 1700 1448 1768 moralibus
1492 1701 1852 1788 adscriptae
1900 1713 2090 1783 sunt,
2164 1700 2290 1767 hoc
2337 1700 2693 1785 specimine

360 1803 749 1890 proferendo
795 1802 986 1866 simul
1020 1801 1228 1889 γεῦμα
1277 1807 1491 1869 visum
1529 1816 1630 1868 est
1660 1806 1813 1869 dare
1847 1807 2129 1870 omniunt
2162 1799 2491 1889 copiarum
2526 1822 2693 1890 quae
2760 1807 2769 1821 ³

364 1907 444 1992 ὶιι1
463 1907 937 1991 pretiosissimo
965 1906 1268 1969 thesauro
1287 1949 1308 1984 ,
1338 1927 1377 1968 a
1408 1903 1598 1969 nobis
1622 1909 1910 1982 detecto,
1949 1907 2323 1972 reconditae
2346 1907 2578 1972 iacent.
2589 1940 2710 1956 ---

365 2004 494 2070 Sed
529 2026 651 2089 quo
681 2008 893 2091 magis
926 2007 1006 2069 de
1033 2004 1202 2070 libro
1229 2009 1374 2092 ipso
1399 2007 1606 2094 deque
1636 2005 1854 2071 indole
1878 2008 2018 2073 eius
2044 2020 2109 2072 et
2136 2005 2396 2074 dotibus
2423 2019 2694 2082 constet,

361 2107 531 2176 haec
561 2107 915 2193 praefanda
943 2120 1110 2173 sunt.
1164 2143 1265 2158 --
1316 2108 1539 2176 Habet
1565 2112 1762 2197 igitur
1793 2110 1874 2175 de
1912 2131 2039 2198 qua
2064 2111 2321 2197 agimus
2353 2108 2553 2174 editio
2576 2103 2696 2172 At-

369 2212 525 2275 dina
541 2210 735 2298 (duae
767 2224 978 2276 autem
1011 2207 1510 2297 apudBernates
1537 2213 1823 2298 exstant)
1848 2213 2017 2278 hanc
2049 2223 2301 2278 notant:
2354 2255 2400 2293 „
2418 2211 2501 2293 Y,
2526 2215 2697 2277 855⁶

372 2329 593 2401 estque
638 2316 812 2379 corio
855 2301 1029 2381 tecta
1069 2317 1288 2396 fusco,
1344 2330 1621 2382 ceterum
1665 2319 1827 2381 satis
1871 2315 2497 2395 bene‚conservata,
2546 2312 2702 2379 licet

367 2415 639 2484 multum
674 2416 1016 2485 multorum
1043 2417 1343 2484 manibus
1372 2421 1586 2485 tritam
1616 2420 1820 2485 fuisse
1847 2442 1955 2486 res
1991 2421 2136 2506 ipsa
2168 2419 2482 2493 ostendat.
2550 2416 2700 2482 Sta-

371 2523 489 2586 tim
529 2523 745 2607 prima
786 2527 1029 2610 pagina
1073 2543 1268 2608 supra
1303 2521 1555 2588 titulum
1599 2543 1797 2588 mann
1838 2521 2186 2612 Bongarsii
2225 2520 2390 2588 haee
2424 2522 2697 2605 scripta:

371 2622 819 2712 „Bongarsii3
867 2627 990 2691 fuit
1018 2622 1106 2691 H.
1136 2624 1525 2712 Stephani.“
1628 2628 1712 2692 Et
1741 2631 2006 2714 saepius
2030 2636 2209 2693 'sane
2249 2624 2519 2691 Henrici
2548 2623 2702 2688 ’Βίε-
2784 2656 2801 2665 x

369 2727 571 2815 phani
629 2748 891 2793 manum
950 2727 1523 2814 deprehendimus,
1593 2730 1796 2795 adiuti
1838 2731 1960 2798 hac
2011 2733 2150 2795 eius
2190 2742 2347 2794 neta
2386 2748 2550 2815 quae
2597 2728 2701 2790 r'e-

369 2832 621 2915 peritur
678 2850 832 2917 pag.
887 2836 1054 2897 661.
1105 2852 1282 2917 supr.
1384 2882 1424 2914 „
1439 2828 1884 2917 προσοδιακὸν
1971 2832 2150 2921 [non
2224 2824 2737 2920 πρου’ωὸιοικόν,ι

373 2952 562 3019 quam
611 2934 987 2999 varietatem
1035 2955 1263 2998 manus
1301 2935 1617 3019 quaedam
1660 2935 1847 2999 docta
1896 2956 1985 3001 ex
2017 2936 2302 2999 editione
2330 2930 2704 3020 germanica

375 3037 424 3101 i.
469 3058 529 3102 e.
588 3059 626 3101 e
688 3032 1048 3103 Basileensi
1109 3036 1534 3126 enotaverat]
1601 3044 1903 3122 agnoscit
1970 3036 2167 3102 Tricl.
2224 3042 2294 3101 ὑπ
2349 3028 2705 3121 Πρόσσδος

377 3147 591 3207 nostro·
628 3139 855 3204 Thee.“
918 3140 1021 3204 Ad
1050 3137 1292 3204 calcem
1321 3137 1472 3203 libri
1504 3143 1571 3202 in
1605 3153 1789 3225 tergo
1819 3142 2139 3226 paginae,
2189 3156 2383 3224 quam
2419 3134 2710 3201 anchora

377 3240 532 3306 Aldi
563 3241 891 3325 praecedit
913 3286 933 3319 ,
985 3239 1296 3305 nonnulla
1338 3242 1578 3326 scripta
1621 3254 1808 3325 sunt,
1857 3264 2021 3327 quae
2052 3262 2175 3307 nos
2204 3242 2286 3305 de
2321 3240 2572 3327 origine
2602 3258 2714 3304 va-

376 3345 620 3409 riarum
661 3339 1010 3407 lectionum
1063 3356 1252 3427 atque
1295 3344 1816 3410 emendationum
1864 3342 2273 3431 aliquatenus
2315 3340 2544 3408 saltem
2579 3362 2717 3406 cer-

379 3446 584 3510 tiores
627 3443 904 3518 faciunt3
957 3444 1274 3511 dubitatio
1324 3460 1533 3511 autem
1585 3446 1765 3511 nulla
1812 3463 2215 3537 superesset,
2274 3449 2333 3511 si
2379 3444 2717 3510 literarum

383 3549 646 3628 ductus,
710 3550 1089 3634 praesertim
1135 3551 1204 3612 in
1247 3548 1618 3615 nominibus
1667 3555 1975 3636 propriis,
2042 3554 2254 3615 tutinus
2307 3548 2596 3636 impediti
2651 3559 2718 3611 et

383 3654 616 3719 incerti
651 3664 890 3716 essent.
993 3651 1155 3714 Sunt
1187 3665 1397 3718 autem
1433 3653 1593 3735 baec
1622 3652 1736 3717 illa
1772 3652 1998 3719 verba:
2055 3660 2114 3739 *)
2169 3650 2720 3739 „castigationes

316 3829 362 3865 Φ
388 3758 595 3824 minio
640 3753 835 3819 rubro
879 3755 1234 3820 interiores
1254 3777 1344 3820 ex
1372 3755 1650 3822 Victorii
1691 3753 1858 3822 libro
1892 3770 2101 3838 sunt‘‚·
2128 3777 2291 3843 quas,
2320 3754 2447 3820 ille
2470 3776 2511 3819 a
2543 3751 2720 3819 Mar-

461 4018 513 4083 *)
547 4014 706 4079 Quae
760 4017 925 4069 nobis
971 4018 1156 4069 minus
1210 4019 1509 4087 explorata
1556 4024 1716 4080 sunt,
1780 4033 1850 4073 ea
1896 4022 2126 4089 punctis
2175 4021 2519 4073 notavimus=
2576 4029 2723 4085 quae

528 4115 664 4153 vero
701 4109 951 4155 nostram
989 4105 1169 4156 aciem
1205 4119 1443 4174 prorsus
1481 4104 1809 4170 eluserunt,
1862 4121 2060 4159 eorum
2108 4108 2235 4159 loco
2274 4109 2481 4173 puncta
2514 4101 2727 4154 substi-

528 4187 776 4252 tuimus3
823 4190 975 4258 quod
1016 4191 1188 4243 simul
1241 4190 1314 4244 de
1366 4192 1833 4245 annotationibus
1881 4195 2033 4248 infra
2075 4188 2462 4248 exscribendis
2508 4187 2726 4242 dictum

531 4271 714 4342 accipi
751 4275 898 4326 volo.
1225 4280 1230 4289 ’
