2967 4925
242 958 335 1059 In
376 993 672 1060 Luciano
712 994 1117 1085 emendando
1167 1010 1233 1064 et
1275 995 1670 1086 explicando
1711 999 1839 1071 etsi
1879 996 2241 1067 doctissimi
2287 1004 2575 1088 sagacis·

237 1097 515 1181 nimique
545 1100 668 1160 viri
692 1098 933 1195 insigni
966 1095 1110 1164 cum
1133 1099 1327 1168 laude
1364 1101 1812 1183 elaborarunt,
1854 1100 2047 1189 larga
2071 1117 2290 1167 tamen
2316 1107 2573 1172 criticae

223 1197 566 1283 ‚facultatis
603 1202 673 1263 in
715 1190 943 1285 eodem
979 1222 1206 1285 campo
1236 1207 1639 1268 exercendae
1666 1207 2036 1271 etiamnunc
2061 1208 2340 1292 suppetit
2369 1219 2572 1285 mate-

130 1351 156 1361 „
237 1305 395 1369 ries.
473 1298 667 1393 Quod
698 1322 889 1387 quum
919 1301 1438 1385 intellexissem,
1491 1303 1737 1389 aliquot:
1777 1304 2012 1371 abhinc
2044 1311 2236 1375 annis
2267 1308 2575 1377 Samosa-

240 1405 442 1471 tensis
481 1402 682 1471 libros
729 1401 1100 1484 evolvens,
1142 1409 1356 1493 magis
1401 1409 1737 1493 magisque
1780 1406 2107 1477 alliciente
2137 1421 2203 1473 et
2247 1411 2571 1479 detinente

233 1506 550 1588 lectione,
620 1508 859 1579 acriori
904 1508 1117 1573 stadio
1170 1522 1448 1574 tractare
1492 1511 1680 1595 coepi
1723 1513 2099 1594 scriptorem
2157 1508 2571 1598 elegantissi-

236 1631 440 1675 mum.
504 1609 733 1697 Itaque
762 1610 1204 1692 annotabam,
1240 1615 1296 1676 si
1321 1626 1822 1698 quaesuspecta
1864 1634 2010 1676 esse
2054 1612 2454 1696 viderentur,
2506 1627 2571 1680 et

133 1720 157 1754 '-
237 1699 448 1779 sicubi
491 1715 876 1779 emendandi
922 1716 1028 1779 via
1068 1729 1352 1799 pateret,
1419 1713 1784 1796 mutabam,
1846 1737 1927 1779 eo
1971 1715 2285 1795 consilis),
2335 1733 2406 1782 ut
2454 1717 2570 1782 ob-

135 1844 149 1850 ⁴
237 1838 430 1882 scura
480 1829 552 1881 et·
588 1819 897 1903 impedita
940 1815 1360 1904 explanarem
1393 1800 1988 1911 expeditioremque
2020 1840 2110 1887 ex
2140 1816 2360 1904 aliqua
2395 1833 2568 1885 certe

234 1935 422 2006 parte
458 1924 739 1987 facerem
786 1924 1163 2007 scriptorem
1205 1936 1429 2006 postea
1466 1921 1752 1987 lecturis.
1851 1919 1993 1985 Iam
2036 1942 2191 1985 vero
2238 1920 2362 1987 hac
2407 1926 2566 1999 scri7

234 2021 482 2087 bendae
512 2026 1068 2089 commentationis
1116 2025 1454 2089 occasione
1489 2025 1583 2088 sic
1625 2037 1806 2102 utar,
1860 2035 1929 2088 ut
1971 2021 2332 2089 difficiliora
2373 2048 2569 2111 quae÷

231 2125 382 2191 dam
421 2149 513 2191 ex
565 2126 732 2191 locis
774 2128 916 2191 istis
966 2126 1233 2195 selecta
1255 2143 1366 2190 aut
1392 2125 1531 2193 leni
1554 2125 1896 2193 verborum
1935 2128 2283 2193 mutatione
2314 2149 2569 2208 sanare,

232 2241 345 2293 aut
374 2250 541 2291 nova
567 2228 1046 2311 explicatione
1027 2249 1249 2293 navare
1273 2240 1513 2291 tentem
1539 2229 1888 2312 peritisque
1914 2226 2229 2293 Lucianei
2250 2236 2569 2295 sermonis

192 2400 196 2404 ,
230 2326 553 2401 iudicibus
582 2349 1010 2415 proponam.

423 2429 687 2517 Catapl.
717 2454 773 2497 c.
796 2434 880 2498 5.
912 2425 1032 2500 Σὺ
1051 2433 1125 2500 δὲ
1165 2364 1710 2521 παραλαμβάνων
1754 2427 2056 2517 στοίβαζε
2094 2457 2203 2509 και
2243 2437 2578 2517 cvm-iffa,

228 2561 282 2602 ω
316 2526 575 2624 Ἑρμῆ.
615 2559 700 2604 συ
754 2538 828 2603 δὲ
876 2529 962 2603 τὰ
1002 2529 1235 2621 νεογνὰ
1285 2539 1475 2604 ταυτὶ
1527 2530 1762 2636 πρῶτα
1794 2532 2136 2622 ἐμβαλοῦ·
2187 2539 2254 2604 τί
2301 2562 2434 2628 γαρ
2485 2533 2570 2607 ἂν

209 2642 342 2705 κκαὶ
393 2629 823 2726 ἀποκρίναιτό
872 2663 1024 2725 μοις

331 2787 336 2796 -
430 2740 508 2806 Ιιι
539 2740 853 2826 Cataplo,
903 2734 991 2804 ad
1016 2738 1278 2806 fabulae
1306 2743 1599 2806 scenicae
1629 2733 2107 2810 similitudinem
2141 2708 2568 2824 conformato,
2613 2811 2627 2820 f

226 2864 419 2936 quum
465 2866 571 2909 res
591 2851 845 2931 'gestae
885 2846 979 2909 ita
1021 2859 1498 2929 proponantur,
1549 2835 1619 2907 ut
1661 2842 1871 2910 oculis
1901 2841 2288 2930 auribusque
2318 2847 2565 2930 percipi

229 2969 423 3032 posse
466 2949 834 3027 videantur,
892 2950 1112 3011 mirari
1155 2947 1342 3027 licet,
1411 2946 1569 3032 qnid
1615 2948 1736 3027 sit,
1803 2947 1983 3032 quod.
2019 2967 2139 3011 neo
2178 2946 2394 3012 locum
2441 2970 2563 3016 nec

225 3053 539 3116 rationem
567 3052 843 3118 actionis
877 3054 1034 3115 satis
1072 3051 1458 3116 attenderint
1502 3051 1915 3135 interpretes.‹
2001 3050 2125 3114 Est*
2162 3063 2373 3120 autem
2419 3053 2564 3114 uni·-

229 3174 480 3217 versum
499 3199 522 3233 ‚
576 3155 654 3218 de
683 3176 813 3242 quo
843 3152 1268 3240 h.,1.,agitur‚,
1312 3138 1642 3237 negotium
1673 3153 2086 3236 tripartitum.
2181 3150 2288 3216 Ad
2313 3151 2562 3220 scalam

226 3253 526 3320 navalem
571 3252 1132 3343 (dnofidopav32‚·
1175 3278 1367 3341 quam
1423 3253 2060 3342 transgrediebantur
2118 3256 2188 3317 in
2246 3254 2561 3339 scapham

224 3359 632 3437 descensuri,
679 3359 971 3422 consedit
997 3357 1233 3422 Clotho
1269 3360 1507 3436 Parca,
1562 3381 1755 3424 manu
1789 3373 2014 3422 tenens
2056 3353 2351 3424 libellum
2389 3380 2561 3425 mor.

222 3456 476 3524 tuorum
524 3481 565 3523 a
603 3456 925 3526 Mercurio
967 3482 1193 3524 recens
1238 3463 1654 3528 adductorum
1682 3477 1749 3526 ot
1778 3457 2068 3545 singulos
2101 3459 2405 3542 deinceps
2440 3482 2558 3524 no·

203 3567 400 3629 'mine
444 3565 764 3644 recitans,
817 3585 856 3626 a
893 3561 1113 3636 Maiae
1165 3562 1304 3626 filio
1349 3566 1612 3647 propius
1665 3559 2077 3626 adducendos
2129 3574 2194 3624 et
2244 3559 2557 3628 Charonti

221 3666 604 3749 tradendam
650 3666 912 3731 Charon
935 3676 1142 3730 nauta
1172 3668 1407 3748 accipit
1444 3668 1817 3751 ingressoS,
1861 3647 2064 3746 stipat
2101 3676 2167 3726 et
2207 3667 2555 3747 componit.

221 3767 414 3871 Quod
456 3773 511 3833 si
558 3768 722 3836 haee
761 3785 860 3838 est
902 3770 1178 3834 actionis
1215 3771 1418 3848 ratio,
1471 3779 1836 3832 constanter
1866 3768 1934 3829 in
1970 3762 2220 3848 reliquo
2259 3788 2556 3832 sermono

217 3887 510 3952 servata,
575 3894 704 3936 non
743 3885 984 3936 temore
1032 3870 1116 3935 ab
1155 3872 1288 3935 illa
1315 3873 1674 3936 Luciannm
1710 3871 1777 3934 h.
1803 3868 1849 3934 1.
1887 3868 2266 3936 discessisse
2302 3867 2554 3968 putabi-

217 3998 377 4042 mus.
484 3976 723 4045 Verum
769 3978 936 4039 enim
987 3996 1138 4037 vero
1183 3970 1525 4037 mandatu:
1553 3971 1914 4045 Mercurio,
1967 3970 2133 4053 qnod
2186 3985 2406 4056 aperte
2451 3986 2550 4036 est

220 4078 566 4152 charontis
604 4076 946 4154 officium,
993 4075 1208 4172 verbis
1242 4059 1338 4142 σὺ
1376 4078 1447 4141 δὲ
1499 4063 2035 4162 παραλαμβάνων
2086 4074 2386 4158 στοίβαζε
2437 4078 2550 4143 καὶ

220 4186 559 4272 συντίθει,
609 4208 660 4250 ω
695 4173 934 4268 Ερμῆ.
1039 4180 1121 4245 Pr
1127 4165 1379 4244 ueteres
1427 4183 1506 4250 σὺ
1553 4181 1621 4245 δὲ
1666 4180 2002 4261 repetitum
2057 4188 2118 4238 et
2165 4178 2245 4239 ad
2276 4178 2546 4240 eundem

220 4282 614 4372 Mercurium
670 4284 947 4383 relatum
1015 4286 1147 4348 iam
1207 4284 1498 4369 Seagero
1565 4293 1630 4348 et
1693 4280 2080 4352 Lehmauno
2141 4280 2545 4366 corruptelae

209 4389 656 4472 suspicionem
708 4369 1081 4470 moverunt,
1124 4390 1224 4452 ita
1263 4400 1333 4451 ut
1376 4385 1494 4452 ille
1538 4387 1651 4456 καὶ
1696 4382 1833 4468 δή,
1880 4382 1991 4446 hia
2031 4381 2149 4448 νῦν
2191 4384 2262 4450 δὲ
2305 4381 2545 4447 substi-

1758 4505 1768 4514 ’
1955 4473 2043 4548 17
