2967 4925
233 669 536 771 Graecia
564 690 733 766 nunc
769 700 1023 766 demum
1050 701 1116 765 in
1155 701 1495 786 pristinam
1532 700 1907 787 dignitatem
1949 703 2242 768 restituta
2270 702 2539 789 eiusque

234 807 620 893 antiquitatis
651 804 974 890 reliquiis»,
1019 824 1182 889 quae
1212 803 1552 869 multorum
1581 804 1984 869 saeculorum
2015 808 2240 871 rudere
2275 826 2541 889 cooper-

230 924 294 975 ta
322 912 687 987 iacuerunt,
736 905 975 973 recludi
1005 909 1136 973 iam
1168 920 1233 971 et
1267 909 1503 991 aperiri
1542 910 1825 991 coeptis,
1877 910 1995 971 vix
2042 922 2142 973 est
2183 906 2347 972 alius
2383 909 2539 973 scri-

227 1025 409 1097 pter,
462 1013 588 1098 qui*
615 1012 828 1095 magis
862 1008 1091 1076 oculos
1134 1008 1529 1073 eruditorum
1571 1009 1639 1073 in
1682 1031 1755 1074 se
1807 1021 2134 1074 convertat
2173 1012 2540 1095 maioreque

142 1187 143 1192 ἵ
227 1115 462 1201 dignus
493 1114 578 1177 sit
607 1111 818 1175 studio
850 1124 1035 1198 atque
1063 1112 1614 1198 pervestigatione
1636 1132 1824 1197 quam
1857 1109 2249 1192 PausaniaS‚
2301 1114 2542 1198 quippe
2651 1101 2658 1106 ¹

225 1215 624 1282 certissimus
652 1214 904 1277 futurus
934 1211 1072 1276 dux
1107 1232 1224 1295 per
1262 1212 1577 1278 Graeciae
1605 1214 1896 1280 diversas
1924 1215 2243 1301 regiones.
2318 1214 2540 1301 ltaque

150 1302 159 1311 ⁵
225 1316 403 1383 haud
441 1318 580 1381 scio
624 1333 706 1379 an
748 1334 982 1400 operae
1023 1315 1295 1398 pretium
1342 1313 1627 1379 facturus
1677 1293 1839 1395 sim,
1892 1318 1952 1383 si
1992 1338 2080 1380 ex
2129 1318 2271 1379 eins
2303 1317 2541 1382 descri-

225 1421 448 1507 ptIone
487 1416 922 1497 Athenarum,
973 1438 1136 1503 quae
1179 1430 1251 1480 ut
1290 1414 1447 1480 olim
1495 1429 1678 1480 erant
1714 1419 1807 1481 ita
1838 1419 2096 1482 futurae
2130 1420 2359 1482 iterum
2391 1432 2544 1485 sunt

227 1522 493 1612 ἔρεισμα
532 1518 675 1603 ’τῆς
729 1511 1068 1597 Ἑλλάδος,
1134 1517 1321 1583 locos
1379 1519 1690 1604 quosdam
1754 1519 1835 1582 ad
1887 1517 2334 1584 illustrandum
2381 1520 2546 1585 mihi

210 1622 650 1709 sumpserim,
701 1624 808 1706 qui
852 1624 1083 1708 partim
1123 1621 1571 1686 emendatione
1603 1623 1839 1705 partim
1867 1620 2307 1705 explicatione
2337 1619 2547 1687 adhuc

229 1728 552 1816 videntur·
582 1726 910 1809 indigere,
986 1724 1365 1808 praesertim
1418 1744 1563 1789 cum
1627 1744 1832 1808 neque
1894 1721 2187 1788 Bekkeri
2250 1727 2547 1788 acumine

233 1830 453 1893 omnia
493 1839 834 1911 persanata
872 1846 1077 1913 neque
1120 1823 1451 1891 Siebelisii
1491 1823 1830 1913 diligentia
1871 1826 2091 1893 omnia
2123 1824 2462 1912 explicata‘
2479 1838 2547 1893 et

168 1991 174 1998 .
231 1932 312 1994 ad
345 1930 661 2017 liquidum
692 1928 996 2013 perducta
1023 1929 1171 1995 sint.
1827 1983 1834 1990 .
1920 1981 1924 1990 .

215 2103 225 2120 ,
429 2027 579 2097 Lib.
605 2030 661 2094 I.
652 2054 821 2117 cap.
854 2029 906 2095 1.
939 2033 1000 2108 5.
1037 2033 1105 2094 3.
1157 2033 1292 2097 ἔστι
1335 2005 1406 2097 '33
1447 2030 1566 2113 τῆς
1613 2029 1817 2109 στοᾶς
1869 2028 1992 2113 τῆς
2034 2030 2323 2118 μακρᾶς,
2365 2034 2545 2098 ἔνθα

166 2133 173 2138 ’
226 2138 630 2215 καθέστηκεν
677 2125 892 2220 ,ἀγορὰ
938 2141 1079 2210 τοῖς
1111 2133 1216 2197 ἐπὶ
1261 2124 1618 2214 θαλάσσης
1668 2133 1822 2215 (καὶ
1870 2127 2001 2222 γὰρ
2041 2136 2179 2211 τοῖς
2229 2130 2545 2223 απωτὲρω

225 2235 349 2304 τοῦ
403 2237 659 2323 λιμένος
708 2236 885 2300 ἐστὶν
933 2229 1192 2319 ἑτέρα),
1240 2231 1363 2320 τῆς
1392 2235 1462 2298 δὲ
1503 2233 1610 2300 ἐπὶ
1639 2225 1991 2317 θαλάσσης
2024 2231 2230 2312 στοᾶς
2258 2233 2548 2302 ὄπισθεν

228 2335 452 2434 ἑστᾶσι
516 2330 678 2413 Ζεὺς
744 2337 855 2403 καὶ
915 2334 1027 2401 Δ
985 2357 1222 2422 ημος,
1303 2326 1699 2425 Λεωχαρους
1747 2333 1954 2424 ἔργον.
2053 2334 2219 2400 Ibid.
2250 2357 2391 2421 cap.
2426 2334 2545 2400 ΙΙΙ.

232 2444 292 2519 5.
324 2446 392 2504 2.
435 2439 637 2506 ἐπὶὸὲ
679 2438 774 2522 τῷ
820 2441 1017 2525 τοίχῳ
1069 2436 1166 2521 τῷ
1215 2432 1425 2525 πέραν
1475 2433 1803 2520 Θησεύς
1851 2438 2028 2505 ἐστι
2077 2437 2549 2525 γεγραμμέ-

226 2564 376 2620 νος
423 2544 564 2609 καὶ
615 2537 1165 2630 Δημοκρατία
1203 2561 1286 2603 τε
1338 2541 1478 2605 καὶ
1533 2539 1846 2623 Δῆμος·
1897 2540 2087 2620 δηλοῖ
2116 2540 2187 2606 δὲ
2235 2537 2277 2622 ἡ
2314 2541 2539 2631 γραφὴ

232 2644 457 2726 Θησέα
527 2640 693 2710 εἶναι
769 2643 891 2707 τὸυ
958 2634 1464 2722 καταστήσαντα
1539 2638 1929 2723 Ἀθηναίοις
1953 2680 1974 2705 2
2007 2640 2075 2721 ἐξ
2143 2641 2289 2709 ἴσον
2354 2645 2545 2711 πολι·

224 2744 559 2812 τεύεσθαι.
624 2741 789 2806 lbid.
817 2744 877 2820 5.
918 2750 985 2805 4.
1042 2740 1374 2809 Βουλαίου
1425 2742 1495 2808 δὲ
1540 2730 1611 2810 ἐν
1660 2741 1846 2828 αὐτῷ
1896 2743 2034 2833 (τῷ
2056 2745 2541 2833 βουλευτηρίῳ)

225 2860 433 2916 κεῖται
477 2838 717 2929 ξόανον
761 2839 947 2928 Διός,
989 2848 1099 2911 καὶ
1126 2837 1488 2914 Ἀπόλλων
1509 2851 1700 2934 τέχνη
1742 2841 2055 2925 Πεισίου,
2108 2847 2219 2913 καὶ
2259 2844 2544 2935 Δῆμος

220 2949 417 3040 ἔργον
467 2944 803 3026 Λύσωνος.

160 3050 165 3059 ’
426 3047 598 3126 Quid
643 3049 745 3113 his
774 3051 860 3112 ‘in
903 3045 1067 3112 locis
1107 3045 1393 3135 Δῆμος
1442 3046 1769 3137 significet
1829 3071 1958 3114 non
2018 3052 2316 3117 convenit
2371 3054 2543 3116 inter

221 3154 394 3218 viros
427 3152 673 3218 doctoS.
776 3150 874 3216 Ac
914 3153 1187 3234 primum
1238 3151 1491 3237 quidem
1541 3149 1756 3219 locum
1801 3150 2129 3217 Meursius
2160 3156 2226 3217 in
2253 3151 2423 3218 libro
2454 3154 2539 3218 de

219 3255 478 3341 populis
537 3255 787 3318 Atticae
845 3252 929 3314 ad
978 3250 1257 3317 Demum
1316 3252 1817 3330 Atheniensem,
1881 3254 2262 3341 Pyrilampis
2302 3254 2535 3336 filium,

224 3360 501 3420 amicum
541 3351 814 3421 Periclis
855 3354 974 3437 (de
1011 3375 1137 3438 quo
1174 3358 1276 3439 qui
1311 3359 1701 3440 scripserunt
1727 3356 2026 3422 laudatos
2060 3359 2185 3423 vid.
2217 3379 2321 3441 ap.
2354 3357 2429 3421 C.
2458 3357 2533 3420 F.

219 3457 579 3523 Hermann.
630 3458 697 3519 in
740 3475 1072 3540 progymn.
1110 3457 1195 3518 ad
1237 3456 1564 3542 Aristoph.
1607 3458 1764 3544 qu.
1807 3459 2030 3537 sched.
2072 3458 2128 3522 Ι.
2163 3482 2226 3545 Ρ.
2274 3470 2357 3535 4,
2410 3459 2532 3543 1.),-

220 3561 447 3631 r‘efert3
490 3579 674 3644 quam
712 3558 1090 3620 sententiam
1123 3555 1521 3624 Chandlerus
1552 3562 1617 3623 in
1648 3559 1926 3653 Travels
1951 3565 2018 3624 in
2055 3559 2297 3625 Greece
2327 3582 2387 3644 Ρ.
2409 3567 2529 3624 64.

217 3662 314 3725 ita
350 3659 686 3746 amplexus
714 3673 849 3738 est,
904 3670 973 3721 ut
1018 3660 1122 3746 qui
1166 3678 1204 3722 a
1233 3659 1557 3725 Pausania
1582 3660 1810 3748 Populi
1841 3665 2152 3749 imagines
2184 3662 2529 3725 memorari

218 3765 664 3827 existimarent
688 3783 903 3824 errare
934 3783 1156 3826 omnes
1189 3764 1426 3828 diceret
1452 3763 1726 3850 illosque
1771 3787 1996 3830 omnes
2039 3763 2223 3831 locos
2269 3761 2350 3824 ad
2396 3759 2527 3824 De-

219 3876 392 3930 mum
427 3867 616 3929 istum
648 3862 1027 3948 Pyrilampis
1051 3863 1259 3929 filium
1291 3869 1699 3932 contenderet
1733 3888 1879 3930 esse
1905 3862 2296 3929 referendos,
2394 3862 2526 3929 Sed

216 3967 377 4032 haec
425 3982 558 4032 tam
609 3965 1075 4032 inconsiderate
1115 3969 1437 4051 disputata
1479 3957 1660 4042 sunt,
1710 3980 1779 4030 ut
1822 3979 2048 4051 sponte
2083 3977 2382 4030 corruant
2411 3988 2525 4033 ue-

214 4072 646 4155 que·copiosa
688 4068 1072 4133 refutatione
1123 4071 1477 4155 indigeant.
1580 4065 1719 4133 Nec
1757 4068 1971 4154 magis
2018 4066 2275 4134 defendi
2312 4084 2528 4155 potest

215 4169 483 4236 Meursii
514 4173 886 4250 sententia,
937 4162 1126 4255 quam
1166 4174 1300 4235 iam
1348 4170 1640 4235 Stuartus
1681 4173 1747 4232 in
1792 4166 2122 4256 Antiquitt.
2156 4166 2389 4236 Athen.
2423 4175 2526 4237 ed.

216 4271 433 4338 Germ.
477 4286 523 4337 t.
557 4272 643 4338 ll.
682 4294 748 4357 p.
784 4278 902 4338 39.
956 4274 1114 4336 satis
1159 4272 1461 4359 explosit.
1583 4260 1836 4358 Quippe
1889 4270 2290 4338 Leocharem
2350 4278 2524 4339 enim
2634 4355 2646 4361 x

106 4446 111 4452 ,
214 4378 584 4477 statuarium
606 4420 627 4457 ,
678 4395 866 4461 quem
901 4373 1038 4438 fere
1069 4370 1328 4471 Olymp.
1359 4370 1499 4436 Cn.
1536 4392 1735 4460 usque
1783 4375 1862 4440 ad
1900 4373 2075 4441 CXI.
2107 4388 2308 4438 artem
2340 4394 2526 4438 exer·

1799 4493 1885 4558 11
