2967 4925
1096 246 1215 263 --
1330 200 1500 283 339
1615 153 1785 315 -J

248 407 306 471 si
349 401 744 492 modo'opus
790 400 890 470 est
932 406 1245 472 orationis
1275 403 1758 495 supplemento,
1811 392 2293 494 VVyttenb'aebii
2317 401 2575 480 'addila-

246 522 550 574 mentum.
645 507 775 572 Sed
821 529 1090 573 caussae
1134 531 1297 595 quae
1330 506 1895 594 Wyttenbaohium
1927 534 2300 597 permovere
2344 525 2571 601 potue-

246 623 423 688 runt,
476 624 545 676 ut
590 608 832 697 aliquid
879 610 962 677 ad
1006 613 1315 677 orationis
1342 614 1776 699 integritatem
1813 615 2041 678 deesse
2072 631 2135 681 et
2160 622 2393 706 τριβὴν
2421 633 2569 683 ante

244 707 443 796 ἀτελῆ
485 715 810 780 excidisse
862 726 1201 794 statueret,
1239 730 1374 780 ‘eae
1420 715 1661 781 nullius
1701 732 1849 782 sunt
1890 721 2218 784 momenti.
2282 723 2572 787 ·Etenim

241 809 438 898 ἇτελῆ
478 837 621 882 cum
655 818 995 902 participio
1024 819 1415 907 τριβομένην
1452 822 1694 904 optime
1733 822 2131 886 coniunctum
2168 834 2298 904 est,
2347 827 2573 890 adv'er-

240 917 333 983 bii
362 930 687 1004 potestate
731 920 944 1006 (conf.
979 916 1216 985 Matth.
1242 921 1301 998 §-
1334 927 1507 985 446.
1566 920 1822 988 Winer.
1857 921 2142 988 Gramm.
2180 923 2265 990 N.
2303 925 2387 991 T.
2416 950 2571 1017 pag.

248 1025 445 1107 389.)
488 1034 552 1085 et
591 1021 717 1086 hoo
760 1023 1013 1108 quidem
1058 1042 1285 1087 sensu.
1338 1035 1705 1090 versantem
1757 1023 1982 1090 labore
2007 1034 2201 1093 ιἰιαιιι·
2223 1064 2323 1076 —
2365 1050 2442 1095 re
2473 1040 2573 1096 in-

226 1126 464 1204 fecta.
556 1119 743 1199 Quae
796 1121 1183 1209 significatio
1228 1126 1406 1188 vocis
1458 1117 1693 1208 ἀτελὴς
1736 1125 2059 1191 uberrime
2107 1126 2466 1196 illustratur
2501 1136 2572 1209 in

244 1226 703 1291 commentario
734 1225 805 1289 in
833 1223 1128 1289 Platonis
1155 1222 1569 1310 Symposium
1602 1230 1882 1292 nondum
1930 1231 2135 1311 edito,
2189 1233 2269 1296 ad
2299 1254 2364 1318 p.
2401 1218 2572 1301 179

244 1328 335 1394 D.
383 1320 668 1418 Ὀρφέα
686 1365 791 1378 --
850 1324 1103 1410 ἀτελῆ
1167 1315 1568 1420 ἀπέπεμψαν
1616 1329 1686 1410 ἐξ
1716 1318 1967 1396 Ἅιδου.
2073 1330 2297 1397 Alter‘a
2339 1358 2575 1403 caussa

245 1452 413 1519 quae
441 1428 1012 1516 Wyttenbachium
1042 1429 1347 1496 inducere
1380 1432 1625 1516 potuit,
1679 1442 1751 1495 ut
1790 1432 1869 1494 de
1920 1430 2279 1518 supplendo
2313 1459 2578 1504 aecusa-

239 1537 379 1600 tivo
407 1527 645 1622 τριβὴν
670 1537 1013 1622 cogitaret,
1063 1535 1132 1597 in
1161 1554 1240 1598 eo
1268 1543 1369 1597 est
1393 1537 1645 1620 posita,
1697 1535 1866 1619 quod
1895 1556 2029 1598 vox
2063 1537 2373 1618 ἐπίπονος
2404 1540 2605 1623 haud!

145 1711 152 1714 ⁴
247 1634 643 1723 aliteratque
659 1630 897 1721 ἇτὶλὴς
919 1656 1069 1702 raro
1092 1636 1170 1701 de
1199 1638 1523 1723 personis,
1537 1639 1674 1702 fere
1707 1637 1787 1700 de
1816 1634 2013 1700 rebus
2042 1654 2392 1725 usurpatur.
2442 1641 2574 1708 Ita-

177 1738 182 1743 ’
245 1760 368 1827 que
406 1752 480 1805 ut
517 1738 657 1806 rem
702 1739 1122 1821 haberemus,
1174 1760 1299 1826 qno
1354 1737 1552 1805 verba
1609 1735 1921 1806 ἐπίπονον
1970 1729 2185 1807 οὖσαν
2209 1745 2460 1834 Ρειιίιει·
2497 1767 2574 1810 ao

152 1891 160 1900 .
244 1864 385 1909 voc.
413 1841 611 1928 ἀτελῆ
637 1846 1061 1919 referremus,
1112 1835 1345 1930 τριβὴν
1385 1842 1583 1907 inseri
1619 1842 1830 1906 iussit.
1927 1840 2056 1907 Sed
2099 1866 2237 1908 voc.
2266 1836 2577 1926 ἐπίπονος

247 1949 443 2013 etiam
474 1946 557 2011 de
583 1950 885 2032 personis
931 1947 1000 2011 in
1050 1965 1171 2008 usu
1221 1944 1426 2009 fuisse
1475 1955 1706 2009 testem
1752 1946 1912 2008 satis
1953 1941 2340 2031 locupletem
2380 1948 2578 2014 habe-

242 2064 390 2115 mus
434 2046 559 2115 vel
584 2047 757 2116 huno
799 2060 997 2121 unum
1050 2045 1264 2112 locum
1316 2069 1353 2109 e
1396 2045 1690 2112 Platonis
1731 2045 2027 2113 Phaedro
2069 2070 2222 2137 pag.
2270 2056 2445 2118 229.
2487 2052 2575 2118 D.

244 2151 467 2222 δεινοῦ
514 2154 628 2219 καὶ
678 2143 989 2221 ἐπιπόνου
1043 2185 1143 2198 —-·
1191 2139 1451 2234 ἀνδρός.

451 2252 697 2317 Eadem
744 2254 986 2339 pagina
1032 2251 1247 2334 (567.
1281 2246 1362 2312 Α.
1393 2275 1493 2307 ==
1528 2252 1694 2314 103.
1710 2249 1738 2334 )
1784 2248 1873 2315 de
1901 2198 2178 2316 formula
2221 2245 2577 2343 πρόσχημα

248 2384 352 2405 —-·-
378 2347 614 2444 ἀρετῆς
656 2344 1191 2445 περιβαλλόμενοι
1221 2352 1393 2418 conf.
1425 2338 1685 2417 Timaei
1711 2350 1883 2417 Lex.
1916 2348 1983 2416 V
1986 2374 2083 2418 oc
2115 2351 2280 2420 Plat.
2304 2377 2372 2442 Ρ.
2406 2365 2578 2426 221.

246 2455 463 2546 ibique
507 2455 975 2539 Ruhnkenius,
1038 2456 1223 2522 euius
1267 2455 1668 2520 annotationi
1708 2452 1907 2520 multa
1945 2454 2115 2520 haud
2153 2457 2246 2522 ita
2275 2458 2575 2549 vulgaria

248 2563 607 2629 accedent
587 2583 654 2625 ιιι
692 2563 977 2627 auctario
1009 2558 1307 2625 animadv
1295 2578 1471 2621 erss-.
1503 2559 1570 2622 in
1602 2556 1785 2621 Tim.
1808 2579 2000 2643 supra
2029 2561 2373 2645 promisso.

449 2664 613 2751 Pag.
649 2666 817 2729 567.
846 2660 1062 2728 B.—
962 2689 1062 2721 ε
1101 2679 1255 2748 pag.
1297 2666 1465 2727 104.
1513 2681 1687 2747 supr.
1729 2662 1798 2724 in
1834 2659 2051 2726 verbis
2094 2657 2579 2751 ι’λυσπωμενους
2683 2653 2701 2692 ·,

189 2841 198 2848 .
257 2805 346 2816 —-
377 2769 490 2836 καὶ
516 2763 657 2853 ἅμα
694 2770 1192 2854 καμπτομένους
1220 2759 1532 2828 mendose
1560 2764 1865 2849 scriptum
1903 2752 2046 2850 α’μα
2076 2763 2192 2850 pro
2224 2764 2445 2853 θαμά
2471 2805 2576 2819 ...-

247 2869 480 2936 Paullo
506 2872 714 2956 post(
735 2873 903 2936 567.
932 2864 1058 2953 Β.)
1095 2865 1393 2931 mendum
1435 2862 1597 2931 latet
1638 2867 1705 2930 in
1744 2863 1957 2930 verbis
1999 2874 2070 2935 ἐν
2103 2869 2195 2959 τῷ
2223 2866 2578 2958 λογιστικῳ

244 2977 358 3044 καὶ
405 2971 662 3065 κυρίῳ
700 2967 825 3057 τὴν
871 2972 1263 3061 μοχθηρίαν
1311 2972 1593 3056 ἔχοντες.
1682 2964 2007 3033 Nimirum
2043 2975 2244 3062 κυρίῳ
2287 2992 2575 3036 eommu-

245 3079 370 3142 tari
414 3089 663 3163 oportet
705 3078 771 3141 in
821 3069 1231 3168 κυριωτάτῳ,
1282 3072 1350 3135 id
1402 3072 1569 3157 quod
1605 3085 1671 3136 et
1697 3090 1853 3135 usus
1883 3069 2187 3157 loquendi
2215 3072 2576 3158 platonicus

249 3192 317 3244 et
358 3197 464 3242 res
507 3181 655 3263 ipsa
696 3179 1001 3263 postulat.
1063 3206 1070 3212 ·
1104 3172 1276 3240 Nam
1318 3172 1505 3238 Plato
1543 3190 1737 3261 ‘quum
1787 3176 2052 3238 sentiret
2094 3176 2268 3261 quod
2296 3178 2364 3239 in
2396 3173 2578 3242 Aloi-

247 3277 440 3343 biade
482 3278 537 3345 Ι.
575 3302 642 3366 p.
680 3280 973 3350 13o.·D.
996 3279 1319 3395 ”scriptum
1370 3288 1505 3341 est:
1579 3275 1659 3344 οὐ
1707 3268 1839 3364 γάρ
1889 3300 2020 3344 που
2072 3270 2469 3369 κυριώτερόν
2509 3303 2581 3363 γε
2670 3273 2677 3284 ’

248 3380 448 3451 οὐδὲν
485 3374 573 3449 ἀν
612 3379 794 3467 ἡμῶν
841 3373 1066 3448 αὐτῶν
1106 3371 1437 3469 φήσαιμεν
1483 3370 1532 3461 ἢ
1590 3375 1714 3463 τὴν
1753 3377 2005 3467 ψυχήν,
2065 3381 2133 3444 in
2183 3384 2451 3445 anima
2431 3403 2580 3465 lpsa

245 3482 348 3554 τὰ
370 3481 801 3575 κυριώτατον,
865 3491 1141 3548 mentem
1191 3502 1338 3545 esse
1381 3483 1622 3545 statuit.
1725 3479 1897 3543 Vide
1944 3479 2157 3544 locum
2206 3485 2578 3567 primarium

173 3627 186 3633 -
248 3591 318 3654 in
351 3587 731 3673 Timaeop.
765 3592 883 3654 90.
913 3585 994 3652 A.
1037 3622 1136 3636 -—
1187 3586 1334 3672 περὶ
1378 3584 1522 3651 τοῦ
1571 3577 2094 3668 κυριωτάτου
2134 3571 2344 3673 παρ’
2374 3584 2598 3671 ἡμῖν,

248 3691 537 3786 ψυχῆς
598 3690 727 3758 ud
742 3714 884 3767 ους
943 3683 1366 3756 διανοεῖσθαι
1438 3687 1542 3751 δεῖ
1599 3683 1750 3776 τηδε
1795 3720 1932 3750 —-.
2009 3681 2184 3750 Hine
2235 3689 2580 3771 scriptores

243 3794 786 3876 πλατωνίζοντες,
849 3790 964 3855 ubi
1007 3791 1088 3854 de
1135 3791 1351 3854 anima
1396 3802 1495 3851 est
1557 3807 1803 3864 sermo,
1878 3802 2179 3849 mentem.
2203 3788 2581 3873 simpliciter

248 3900 474 3965 dicunt
512 3890 587 3965 τὸ
635 3891 1132 3984 κυριώτοιτον,
1135 3913 1263 3956 non
1322 3884 1399 3957 τὸ
1446 3886 1711 3975 κύριον,
1790 3888 1978 3951 sicuti
2042 3887 2580 3971 Wyttenbaohius

248 4004 504 4083 docuit,
545 3996 1033 4065 adsersantibns
1066 4015 1226 4080 quos
1252 3995 1395 4078 ipse
1426 3987 1634 4055 attulit
1660 3987 1838 4053 locis
1869 3990 2158 4075 (animm.
2188 4015 2251 4078 Ρ.
2286 4000 2424 4059 123
2435 3995 2503 4081 .).
2608 4075 2609 4082 ¹

367 4121 379 4140 ⁸
452 4103 612 4191 Pag.
651 4106 815 4169 567.
831 4100 908 4165 Ε.
924 4119 1191 4183 =pag.
1217 4101 1383 4161 106.
1414 4094 1529 4158 inf.
1556 4093 1944 4158 assentimur
1968 4091 2471 4176 VVyttenbachio
2502 4102 2581 4165 de

253 4208 770 4292 transponendis
793 4188 1009 4269 verbis
1049 4195 1213 4290 πρὸς
1249 4192 1376 4280 τὴν
1421 4198 1631 4279 δίκην.
1734 4193 1864 4259 Sed
1907 4192 2249 4261 verbum'
2218 4193 2488 4289 η’πιιγον
2517 4206 2584 4266 in
2680 4249 2689 4258 .

252 4301 514 4397 ὑπῆγον
552 4331 744 4398 quam
785 4310 853 4374 in
897 4304 1144 4392 ἐπῆγον
1171 4310 1569 4371 commutate
1605 4295 1902 4368 malimus
1937 4296 2064 4470 0312!
2070 4298 2380 4437 .*Timae.
2409 4304 2582 4372 Lex.
