2967 4925
1349 175 1366 195 .
1463 139 1509 200 ρ

1109 213 1227 229 -——
1347 165 1512 248 034³
1628 203 1769 229 -·-’

263 371 431 439 cello
459 369 749 459 Virgilio
782 393 869 439 ex
902 368 1231 437 codicibus
1256 359 1569 436 &Mai-ci
1601 362 1960 464 Florentiae
1990 365 2239 463 collatis
2288 369 2595 439 collectas

267 478 550 561 accepit,
599 475 833 541 additis
862 489 1200 559 praeterea
1229 476 1384 539 suis.
1466 471 1711 549 Quae
1692 499 1760 540 m
1793 480 2097 541 interiore
2124 479 2416 563 margine
2451 487 2597 539 sunt

149 668 158 674 .
269 582 455 668 nigro
485 580 718 656 minio,
768 601 858 643 ex
885 576 1053 642 libro
1104 624 1122 642 .
1158 580 1443 643 .dnensi
1482 581 1848 665 exscriptae
1880 582 2173 661 fuerunt,
2226 601 2391 668 quae
2441 597 2593 642 vero

266 685 334 747 in
382 681 690 747 ulteriore
733 684 1028 768 margine
1069 679 1261 745 rubro
1311 695 1569 763 notata,
1620 705 1700 746 ea
1746 699 1892 749 sunt
1940 705 2041 749 ex
2053 680 2595 771 castigationibus

201 783 613 872 aliquibus
660 774 929 842 Danesii
977 783 1155 850 Galli
1207 797 1272 849 et
1319 800 1660 870 praeterea
1725 810 1815 854 ex
1874 788 2324 878 antiquissimo
2376 781 2609 851 codice

264 886 676 953 Bessarionis
705 864 1102 953 cardinalis’
1084 910 1149 952 m
1183 885 1576 964 bibliotheca
1601 889 1855 956 Veneta
1898 891 2175 971 servati,
2218 902 2364 954 sunt
2406 909 2597 974 prac-

267 1005 443 1056 terea
477 1013 566 1055 ex
596 992 902 1077 castigato
931 993 1151 1057 codice
1182 993 1458 1047 veneto
1438 1013 1506 1056 ιη
1546 994 1743 1057 xariis
1787 992 2146 1078 opusculiS,
2197 991 2399 1056 multa
2442 992 2598 1054 item

269 1092 513 1158 Romae
540 1114 629 1157 ex
665 1092 882 1157 codice
915 1108 1104 1170 quem
1136 1071 1496 1159 Guilelmus
1536 1092 1708 1187 (sic)
1752 1085 2033 1191 Iuba-mu!
2074 1092 2602 1160 bibliothecarius

269 1195 634 1261 Vaticanus
663 1195 912 1264 dedit.“
1007 1173 1200 1259 Haec
1243 1217 1396 1259 vero
1443 1209 1598 1260 nota
1639 1218 1904 1262 necesse
1962 1210 2063 1263 est
2107 1202 2342 1286 scripta
2384 1200 2603 1300 fuerit,

183 1369 192 1374 ,
274 1313 616 1385 antequam
645 1297 733 1362 H.
762 1297 1176 1382 Stephanus
1159 1320 1225 1361 in
1263 1301 1745 1383 possessionem
1791 1298 1942 1363 libri
1987 1304 2180 1365 teuit.
2280 1302 2401 1367 Est
2430 1293 2604 1363 enim

272 1400 386 1465 ubi
423 1400 546 1466 ille
600 1402 930 1487 adspersis
970 1398 1206 1465 notulis
1249 1399 1587 1467 confirmat
1625 1402 1728 1467 vel
1766 1405 2000 1468 refutat
2039 1414 2262 1483 notem,
2308 1423 2470 1489 quae
2517 1399 2600 1464 ab

276 1518 534 1570 auctore
565 1503 750 1569 huius
782 1506 1048 1578 notitiae
1076 1504 1451 1570 innumerae
1478 1506 1757 1570 fuerunt'
1779 1507 2194 1592 perscriptae.
2297 1502 2428 1568 Sed
2469 1503 2604 1591 qui·

279 1629 428 1672 nam
472 1609 731 1674 tandem
775 1610 899 1672 iste
942 1606 1104 1673 funt
1202 1599 1569 1673 Brodaeum
1614 1611 1856 1689 fuisse,
1905 1629 2134 1674 manus
2181 1610 2327 1693 ipsa
2371 1607 2605 1693 prodit,
2672 1625 2679 1632 ’

278 1708 442 1775 bene
472 1709 589 1774 illa
625 1709 812 1775 nobis
847 1713 1103 1799 cognita
1135 1732 1172 1773 e
1201 1714 1579 1777 certissimis
1612 1709 1902 1798 vestigiis
1937 1710 2360 1778 Brodaeanae
2397 1710 2607 1774 erudi·
2664 1697 2691 1710 κ

278 1813 510 1895 tionis,
568 1816 839 1899 quaein
901 1829 1076 1900 parte
1123 1812 1431 1880 librorum
1477 1814 1826 1903 Bongarsii
1901 1813 2177 1880 Bernam
2240 1811 2459 1878 delata
2524 1832 2608 1876 ex

278 1914 798 1985 annotationibus
829 1939 982 1981 mse.
1015 1917 1342 1982 hincinde
1372 1917 1599 1986 elucet.
1636 1957 1726 1971 --
1779 1919 2080 2005 Sequitur
2113 1931 2181 1983 ut
2220 1939 2384 2007 quae
2417 1934 2612 2002 supra

189 2031 192 2034 '
276 2023 726 2107 promisimus,
752 2065 760 2078 ι
779 2032 1182 2109 praestemus
1214 2021 1299 2105 *).
1335 2060 1340 2065 ·

487 2192 654 2276 Pag.
699 2179 887 2254 '421.
947 2210 1128 2275 supr.
1225 2179 1447 2277 κὺνιε]
1508 2185 1681 2279 κίρνε
1722 2187 1803 2254 Α.
1858 2225 1964 2238 -
2013 2199 2166 2255 ante
2213 2187 2386 2266 med.
2421 2209 2610 2253 κατε-

285 2288 585 2387 φόρει]
670 2286 900 2384 φρόνει
964 2295 1046 2357 Α.
1123 2328 1229 2342 --
1312 2292 1544 2359 media.
1616 2290 2099 2381 τολμωμένοις]
2186 2317 2292 2381 γρ.
2357 2289 2615 2376 γινομέ-

284 2411 430 2474 νοις
464 2392 548 2459 A·
599 2430 701 2483 ‘7’
743 2397 1073 2476 iuferzbre‘.
1118 2391 1310 2474 νόσος
1359 2398 1473 2466 καὶ
1523 2393 2106 2484 κατανεμηθεῖσα]
2163 2398 2275 2464 καὶ
2317 2392 2490 2457 infra
2534 2390 2614 2454 li·

288 2521 479 2564 neam
545 2500 798 2584 punctis
862 2511 1146 2569 notatum
1214 2502 1439 2563 minio.
1501 2537 1589 2547 -—
1658 2499 1816 2565 ibid.
1879 2492 1968 2564 τώ
2012 2496 2221 2587 πόδε]
2286 2497 2456 2560 infra
2503 2494 2616 2558 lin.

289 2603 542 2688 punctis
580 2600 791 2667 rubris
823 2613 1079 2680 notata,
1133 2601 1353 2667 addita
1390 2600 1667 2679 lineola,
1721 2624 1889 2687 quae
1922 2604 2230 2667 incertum
2256 2647 2278 2681 ,
2329 2597 2619 2663 delendis

183 2774 202 2782 N
253 2706 579 2792 punctis,
633 2710 715 2769 an
747 2705 961 2770 verbis
995 2699 1082 2772 τα)
1114 2702 1275 2772 πόδε
1322 2704 1621 2769 notandis
1663 2707 1997 2771 inserviat.
2046 2744 2135 2754 —-
2189 2704 2349 2770 ibid.
2402 2698 2611 2789 ἰδεῖν]

289 2810 549 2877 ἐπιδεῖν.
591 2806 669 2873 Β.
719 2846 818 2859 -
868 2808 1027 2892 ibid.
1098 2806 1690 2900 ἀποσφαγέντων]
1743 2811 1800 2875 λ.
1852 2806 1935 2872 A.
1999 2847 2083 2858 --
2140 2808 2402 2891 infima.
2453 2797 2621 2893 μάρ·

289 2910 481 3005 ψει]
537 2928 655 3008 ψῃ.
702 2908 822 2976 Bb.
885 2950 973 2961 ——-
1042 2911 1205 2978 ibid.
1267 2904 1603 3000 κακούς]
1666 2911 1773 2990 ῶς.
1822 2909 1907 2975 Α.
1958 2946 2058 2960 --
2126 2910 2284 2976 ibid.
2345 2917 2623 2996 ἐπιχει-

288 3013 470 3105 ρεῖν]
514 3032 633 3104 χω.
679 3014 764 3080 Α.
2262 3061 2271 3068 ,
2670 3022 2685 3031 “

481 3167 662 3251 Pag.
693 3173 866 3232 422.
896 3189 1073 3254 supr.
1124 3167 1202 3232 ad
1234 3165 1351 3234 τοῦ
1376 3164 1819 3252 πατροκλέους
1863 3177 1928 3229 et
1978 3163 2059 3228 ad
2104 3152 2159 3229 ὦ
2208 3160 2621 3250 πατροκλέα]

295 3268 614 3333 notandus
647 3271 1050 3356 πατροκλὲας
1074 3272 1200 3334 iste
1239 3268 1428 3334 huius
1460 3266 1706 3343 libelli3
1758 3271 1852 3334 sic
1887 3281 1952 3333 et
1980 3269 2224 3353 passim
2260 3280 2327 3333 ut
2356 3289 2417 3352 p.
2456 3269 2627 3331 425.

363 3530 414 3596 *)
445 3529 672 3582 Utimur
709 3535 901 3583 autem
936 3531 1101 3600 siglis
1131 3529 1316 3584 hisce:
1394 3566 1405 3579 .

498 3617 547 3667 A
579 3638 649 3666 =
682 3631 877 3685 margo
913 3618 1159 3670 interior
1189 3616 1364 3670 ruber

504 3702 553 3753 B
587 3725 657 3737 —-
692 3718 888 3771 margo
925 3708 1107 3758 exter.
1138 3704 1313 3757 rubei·

500 3787 696 3840 Ba—
625 3810 697 3839 =
727 3782 938 3856 margo
961 3789 1132 3843 inter.
1166 3791 1331 3858 niger
1376 3791 1443 3853 (a
1476 3802 1647 3840 manu
1683 3782 1959 3848 Bruclaei)

387 3908 394 3913 -
501 3875 697 3927 Bb—
626 3912 697 3926 ....
730 3888 928 3944 margo
967 3880 1147 3930 exter
1188 3876 1305 3943 nig.
1338 3875 1514 3939 (item
1549 3889 1586 3925 a
1596 3870 1856 3925 Brodaei
1892 3873 2094 3933 nianu)

504 3961 658 4017 vict.
690 3979 761 4013 ==
796 3961 1092 4014 annotatio
1129 3959 1395 4014 Victorii.
1461 3957 1613 4010 Sunt
1659 3959 1843 4020 enim,
1899 3955 1985 4006 uti
2023 3954 2155 4007 aliis
2192 3950 2485 4020 opusculis
2520 3966 2638 4002 mo-

790 4046 1039 4123 ralibus.
1087 4047 1174 4098 ita
1209 4050 1408 4097 nostro
1446 4058 1671 4113 quoque
1707 4044 1765 4094 in
1808 4048 2068 4095 extremo
2104 4039 2361 4107 margine
2402 4036 2636 4089 notulae
2687 4108 2692 4115 .

786 4131 1063 4203 quaedam
1122 4133 1338 4202 passim
1394 4132 1736 4200 adspersae,
1799 4131 1860 4181 in
1923 4127 2128 4198 quibus
2188 4124 2342 4193 iilius
2414 4135 2638 4174 manum

790 4218 1074 4281 Victorii,
1139 4218 1425 4287 cognitam
1473 4216 1587 4270 sibi
1643 4232 1675 4267 e
1725 4214 1889 4266 libris
1936 4212 2094 4266 illius
2129 4205 2424 4267 Monachii
2457 4219 2640 4259 asser·

789 4305 969 4369 vatis,
1020 4302 1449 4376 deprehendere
1484 4301 1597 4355 sibi
1632 4302 1790 4354 visus
1829 4305 1938 4354 est.
