2967 4925
1004 170 1276 327 ',--
1393 196 1506 294 83
1617 258 1735 275 -

1013 400 1081 476 δ’.
1180 408 1315 478 De
1382 412 1872 484 Placitie.

483 536 766 609 Comitia
801 543 1173 621 nationum,
1217 542 1646 628 Francorum,
1696 545 2225 631 Baiuvariorum,
2272 530 2610 638 Allemanass

276 667 539 724 norum,
580 646 933 711 Frisiorum
966 659 1088 712 etc.
1120 649 1314 713 etiam
1352 664 1500 734 post
1548 671 1857 738 magnum
1903 672 2180 738 regnum
2216 674 2255 717 a
2287 650 2614 741 Carolidiq
2675 648 2680 654 ’

246 750 597 837 ‚conditum
635 747 861 813 habita
907 751 974 812 in
1033 747 1295 837 legibus
1340 747 1815 834 Barbarorum,
1871 751 2287 841 capitulariis
2336 768 2524 840 atque
2555 776 2609 849 ἱιι

277 850 690 938 scriptoribus
734 851 927 917 medii
960 853 1103 918 aevi
1133 854 1401 923 Placz'toe
1442 854 1764 919 dicuntur.
1864 852 2036 920 Nam
2086 855 2202 939 lex
2229 854 2612 945 Baiuvariog

273 974 414 1021 rum
442 955 795 1041 praecipit,
838 966 907 1018 ut
936 954 1214 1041 populus
1244 958 1431 1021 statis
1476 956 1702 1022 diebus
1729 960 1796 1022 in
1831 955 2089 1042 placitis
2125 961 2614 1041 conveniat,‘et;

226 1074 237 1083 ‘
269 1059 534 1224 {uidem
569 1079 793 1122 omnes
824 1055 1014 1123 liberi
1056 1081 1132 1123 ac
1162 1057 1423 1124 Vasalli
1448 1073 1584 1124 tum
1619 1063 1795 1148 regis
1817 1059 2209 1126 Francorum
2254 1075 2387 1148 tum
2426 1063 2608 1126 ducis

334 1162 697 1225 aiuvariae:
766 1162 872 1244 qui
917 1179 1048 1224 non
1098 1163 1604 1247 comparuerint,
1656 1165 1744 1228 iis
1790 1161 1992 1229 multa
2044 1166 2401 1250 quindecim
2452 1163 2608 1229 soli-

271 1265 507 1359 dorum
568 1263 1024 1328 denunciatur.-
1123 1260 1412 1327 Eandem
1487 1268 1958 1331 necessitatem
1986 1266 2104 1332 lex
2151 1265 2610 1333 Allemannica

271 1350 601 1451 imponit,
639 1387 718 1428 ac
750 1361 866 1429 lex
894 1363 1253 1429 Frisiorum
1287 1378 1351 1430 et
1378 1366 1517 1450 ipsa
1546 1363 1785 1452 placita
1834 1371 2113 1433 nationis
2141 1390 2299 1434 suae
2329 1390 2610 1434 comme·

274 1481 507 1546 morat.
613 1455 800 1532 Haec
840 1466 1101 1532 comitia
1132 1469 1464 1531 nationum
1494 1470 1562 1532 in
1608 1471 1960 1554 provinciis
2006 1473 2366 1556 imperante
2406 1493 2606 1556 usquo

228 1591 252 1602 ‘
277 1558 517 1653 Carolo
544 1566 636 1634 Μ.
667 1584 923 1656 praeter
949 1566 1233 1634 Comitia
1274 1568 1487 1657 Regni
1526 1569 1950 1637 habebantur.
2050 1574 2306 1637 Etenim
2347 1572 2607 1637 decreta

276 1675 346 1738 in
392 1672 690 1741 Comitiis
735 1671 983 1759 Regni,
1038 1669 1268 1758 quibus
1325 1673 1411 1763 de
1469 1673 1796 1739 veteribus
1838 1672 2094 1761 legibus
2152 1672 2608 1756 Barbarorum,

277 1775 531 1858 Salica,
587 1775 900 1865 Ripuaria
930 1787 1052 1840 etc.
1087 1773 1328 1863 aliquid
1365 1775 1826 1863 derogaretur,
1872 1777 2172 1842 videntur
2215 1778 2299 1840 ad
2342 1780 2610 1855 comitia

277 1882 605 1951 nationum
648 1880 715 1943 in
747 1879 1101 1965 provinciis
1128 1875 1261 1943 lata
1292 1899 1477 1960 esse,
1531 1892 1600 1944 ut
1627 1883 1991 1968 quicunque
2019 1878 2142 1945 sub
2174 1878 2308 1945 illis
2350 1877 2614 1969 legibus

407 2121 693 2179 Eiehhorn
724 2125 931 2177 ‘vocem
964 2121 1390 2189 interpretatur
1420 2135 1530 2189 per
1559 2116 1694 2174 civis
1727 2117 1932 2191 optimu
1958 2117 2095 2174 iure.
2137 2116 2616 2188 Racbintbutgios

414 2208 668 2281 Savigny
694 2213 861 2279 putat
884 2207 1077 2258 Bonos
1100 2204 1359 2258 homines
1389 2205 1605 2271 fuisse,
1644 2205 1989 2276 eosdemque
2023 2204 2173 2275 apud
2199 2204 2609 2275 Langobardos

411 2291 744 2345 Arimannos
780 2281 965 2343 dictos
1002 2306 1150 2343 esse.
1200 2290 1569 2356 ,‚Arimanni,
1608 2291 1723 2354 ait,
1765 2297 1900 2344 sunt
1929 2289 2187 2345 homines
2223 2291 2424 2345 liberi:
2459 2290 2612 2360 apud

300 2374 307 2385 '
409 2374 665 2431 Francos
713 2373 1142 2446 Rachimburgii
1196 2393 1402 2430 nomen
1450 2374 1764 2430 liberorum
1812 2375 2104 2428 hominum
2159 2383 2315 2435 θεας(
2400 2377 2614 2429 Contra

419 2477 586 2533 quem
621 2463 912 2517 Ludenius
950 2463 1131 2526 dixit,
1174 2462 1235 2513 in
1268 2463 1561 2514 codicibus
1599 2464 1792 2529 legum
1827 2458 2212 2513 Barbarorum
2241 2462 2518 2530 ingenuos
2553 2467 2614 2542 gt

410 2548 886 2618 RathimBurgios
913 2546 1230 2613 distingui:
1268 2547 1372 2615 qui
1401 2544 1546 2599 mihi
1584 2545 1815 2597 videtur
1848 2542 2066 2597 oblitus
2098 2544 2311 2609 fuisse,
2347 2545 2616 2617 ingenuei

414 2636 477 2687 in
515 2637 638 2687 illis
683 2634 975 2687 codicibus
1016 2622 1258 2683 libertos
1309 2630 1447 2684 dici.
1511 2630 1731 2683 Nomen
1766 2627 2337 2699 Rachimburgiorum
2382 2632 2615 2686 etiamsi

416 2718 635 2772 liberos
668 2716 928 2771 homines
960 2715 1274 2785 significet,
1313 2721 1506 2769 tamen
1533 2711 1703 2785 l'onge
1740 2714 2101 2786 frequentius
2129 2725 2333 2770 nomen
2361 2713 2613 2772 Raucae

424 2809 542 2868 est,
586 2811 644 2857 et
672 2803 823 2856 falso
858 2803 1151 2855 Ludenius
1188 2800 1481 2870 perhibet,
1525 2799 1751 2853 nomine
1785 2791 1996 2855 Franci
2034 2818 2260 2871 semper
2287 2802 2613 2856 Antrustio·

417 2906 546 2942 nem
597 2890 718 2943 sive
769 2873 1052 2941 Francum
1103 2886 1353 2940 nobilem
1395 2885 1742 2957 significari,
1799 2893 1860 2940 et
1895 2889 2178 2942 rationem
2220 2888 2618 2953 hanc'roddit,

298 2973 307 2978 '
420 2974 578 3046 quod
613 2974 1132 3045 nusquamssmulier
1178 2957 1401 3026 Franco
1440 2973 1597 3025 dicta
1645 2988 1773 3026 esse
1819 2976 2161 3042 reperiatur.
2230 2975 2304 3026 At
2339 2973 2474 3043 quid
2511 2980 2619 3037 est,

298 3057 305 3064 ’
417 3061 553 3131 quin
604 3076 807 3113 nomen
853 3058 1109 3112 Francus
1152 3074 1224 3112 eo
1279 3073 1451 3111 sensu
1502 3063 1845 3125 usurpatum
1896 3059 2002 3122 sit,
2053 3058 2153 3127 qui
2192 3072 2318 3109 cum
2347 3059 2484 3126 ipso
2525 3057 2619 3109 vel

413 3146 658 3200 maxime
710 3141 1013 3201 convenit!
1083 3141 1384 3214 Significet
1427 3135 1677 3196 nobilem
1733 3139 2046 3205 Francum,
2099 3139 2201 3194 ubi
2251 3157 2323 3195 ex
2373 3142 2615 3195 adverso

412 3233 649 3303 ponitur
697 3230 919 3285 debilior
961 3229 1202 3300 personet
1249 3227 1342 3284 rel
1392 3231 1510 3283 tale
1561 3228 1731 3300 quid,
1784 3229 1884 3280 ubi
1934 3243 2040 3297 per
2081 3229 2194 3280 vim
2232 3228 2619 3299 oppositionis

300 3323 307 3331 '
415 3332 616 3371 sensus
652 3317 975 3370 nobilitatis
1018 3316 1236 3368 nomini
1271 3315 1524 3369 additur.
1593 3310 1758 3377 Quod
1796 3304 1895 3365 'ubi
1933 3329 2044 3365 non
2086 3312 2181 3378 fit,
2240 3329 2472 3368 necesse
2511 3319 2621 3377 est,

301 3385 313 3394 ⁶
418 3405 624 3455 nomen
668 3402 923 3455 Francus
975 3401 1162 3453 virum
1215 3403 1340 3455 eius
1397 3399 1648 3454 nationis
1715 3414 2105 3470 quemcunque
2163 3399 2481 3468 significet,
2563 3404 2624 3450 et

418 3475 657 3558 proinde
721 3491 897 3543 etiam
959 3483 1244 3540 Francum
1304 3487 1579 3548 liberum,
1642 3493 1755 3537 non
1813 3498 1977 3537 secus
2029 3490 2201 3553 atque
2258 3484 2624 3536 Allemannus

266 3581 273 3592 ’
304 3561 313 3584 ’
424 3573 854 3638 Allemannum,
892 3570 1112 3625 Suevus
1143 3570 1387 3626 Saevum
1417 3571 1663 3625 liberum
1695 3568 2004 3638 significat.
2049 3568 2204 3622 Adde
2236 3569 2387 3640 quod
2413 3570 2625 3621 mulier

390 3645 642 3711 'Fr-anca
689 3675 889 3729 reapse
937 3658 1235 3729 reperitur
1277 3658 1337 3711 in
1386 3653 1635 3726 Capitul.
1690 3654 1884 3709 Caroli
1935 3654 2016 3707 Μ.
2053 3669 2100 3706 a.
2142 3655 2263 3708 803.
2299 3670 2422 3722 cap.
2458 3655 2509 3706 8.
2562 3652 2629 3704 de

422 3757 618 3805 serm,
655 3742 750 3811 qui
779 3739 1024 3797 Francus
1050 3741 1294 3815 fiminar
1323 3742 1611 3817 accipiayt.
1678 3741 1933 3812 savigny
1969 3741 2157 3792 utitur
2185 3741 2315 3805 lege
2350 3737 2629 3806 Ripuaria

427 3829 519 3885 tit.
558 3829 645 3884 3‘2.
671 3828 735 3896 ἦ.
778 3829 810 3880 3
867 3828 959 3879 itte
994 3836 1123 3880 ante
1165 3825 1425 3882 Comitem
1460 3844 1583 3882 cum
1622 3835 1821 3896 septem
1856 3820 2300 3891 Rachimburgiis
2337 3817 2396 3872 δη
2431 3818 2626 3874 Itan-alo

306 3915 315 3920 “
423 3915 617 3974 iurare
641 3913 814 3977 debet,
854 3912 953 3965 ubi
978 3912 1449 3984 Rachimburgios
1474 3919 1641 3983 putat
1675 3928 1801 3964 esse
1832 3911 2230 3962 coniuratores
2257 3889 2626 3978 (Eidhesfer).

426 4002 575 4056 Mihi
627 3998 858 4072 quidem
918 3996 1339 4068 Rachimburgii
1388 4015 1494 4051 nec
1544 3994 1925 4050 iureconsulti
1975 3995 2095 4046 sive
2148 3993 2295 4044 Boni
2344 3985 2624 4056 homines,

312 4079 317 4088 ¹
426 4105 533 4141 nec
582 4088 979 4140 coniuratores
1030 4082 1212 4136 fuisse
1263 4084 1563 4147 videntur,
1621 4082 1757 4153 quia
1809 4081 1938 4133 vel
1943 4095 2216 4132 numerus
2263 4079 2623 4148 septenarius

312 4172 319 4178 ’
432 4172 646 4227 indicio
697 4183 824 4225 esse
872 4170 1081 4235 debet,
1126 4173 1227 4221 eos
1276 4168 1551 4228 scabinos
1593 4165 1806 4233 fuisse3
1858 4167 2044 4218 locum
2091 4171 2319 4227 autem,
2357 4181 2488 4235 quo
2527 4164 2632 4219 vir

432 4255 697 4310 Summus
743 4259 964 4320 utitur,
1022 4255 1110 4308 ita
1159 4249 1410 4323 accipio.
1475 4269 1580 4305 vor
1632 4254 1761 4308 dem
1822 4249 2033 4306 Grafen
2090 4250 2242 4305 nebst
2281 4251 2389 4303 den
2436 4250 2635 4302 sieben·

314 4349 324 4361 ⁴
432 4339 886 4413 Rachimburgen
924 4342 1065 4396 oder
1099 4340 1390 4396 Schiiffen.
1462 4339 1607 4394 Nam
1651 4341 1857 4394 vocula
1889 4354 2012 4392 cum
2054 4336 2342 4407 iungenda
2380 4339 2470 4385 est
2505 4345 2636 4383 cum
2737 4358 2762 4371 ο

431 4425 641 4480 verbis‘
664 4437 791 4483 ame
827 4427 1116 4497 Comitem,
1155 4429 1271 4505 nou
1307 4430 1436 4483 cum‘
1474 4424 1680 4482 iurare.

1881 4500 2088 4568 δ”
