2967 4925
1099 209 1217 251 --‘-·
1337 181 1502 270 345
1618 221 1761 251 -··-=-

254 393 421 460 cello
449 390 739 479 Virgilio
772 413 861 460 ex
891 389 1222 457 codicibus
1247 381 1332 456 S.
1350 389 1560 457 Mai-ci
1590 384 1951 485 Florentiae
1979 386 2230 484 collatis
2280 390 2584 459 collectas

258 499 541 582 accepit,
591 496 823 562 additis
853 510 1190 580 praeterea
1220 497 1374 561 suis.
1456 493 1701 571 Quae
1683 521 1750 562 in
1783 475 2087 563 interiore
2114 499 2409 584 margine
2441 507 2586 559 sunt

141 689 149 696 .
261 603 445 689 nigro
476 601 708 676 minio,
759 622 848 665 ex
876 598 1113 664 libro·-
1148 600 1433 663 .dnensi
1471 603 1838 687 exscriptae
1870 604 2163 681 fuerunt,
2216 621 2382 689 quae
2431 607 2599 662 vero·

258 706 325 768 in
372 701 679 768 ulteriore
722 705 1018 796 margine
1059 700 1252 766 rubro
1303 716 1561 782 notata,
1611 726 1690 767 ea
1736 721 1882 770 sunt
1931 726 2018 770 ex
2044 689 2587 792 castigationibus

260 804 604 892 aliquibus
650 787 920 862 Danesii
967 805 1146 871 Galli
1198 818 1262 870 et
1313 820 1651 891 praeterea
1717 830 1805 875 ex
1871 809 2314 899 antiquissimo
2366 801 2599 871 codice

256 906 666 974 Bessariouis
695 908 1093 975 cardinalis
1075 932 1140 973 in
1174 906 1567 986 bibliotheca
1591 909 1845 976 Veneta
1889 912 2165 992 servati,
2208 923 2353 975 sunt
2396 928 2587 995 prae-

257 1026 432 1077 terea
467 1034 556 1077 ex
584 1013 892 1098 castigato
922 1014 1142 1078 codice
1172 1014 1449 1069 veneto
1427 1033 1496 1078 m
1536 1015 1733 1078 variis
1778 1012 2137 1099 opusculis,
2188 1011 2390 1077 multa
2433 1011 2589 1074 item

259 1113 504 1179 Romae
529 1135 619 1178 ex
654 1116 873 1178 codice
906 1129 1094 1192 quem
1126 1092 1508 1181 Gulielmus
1525 1113 1699 1208 (sic)
1743 1107 2023 1212 Iustinum
2064 1112 2593 1181 bibliothecarius

259 1216 624 1282 Vaticanus
652 1216 855 1285 dedit
857 1222 903 1259 ‘⁶
1006 1215 1190 1280 Haec
1232 1238 1384 1281 vero
1433 1232 1587 1283 uota
1628 1239 1894 1283 necesse
1952 1230 2053 1284 est
2097 1222 2332 1307 scripta
2375 1220 2593 1320 fuerit,

173 1389 182 1396 ,
264 1334 606 1406 antequam
635 1318 723 1383 H.
753 1317 1166 1404 Stephanus
1149 1340 1214 1382 ιιι
1254 1321 1736 1404 possessionem
1782 1318 1934 1384 libri
1978 1324 2171 1386 venit.
2270 1323 2388 1387 Est
2420 1313 2595 1384 enim

263 1421 377 1487 ubi
416 1419 537 1487 ille
591 1423 922 1508 adspersis
961 1420 1196 1487 notulis
1240 1420 1577 1488 confirmat
1614 1423 1717 1488 vel
1755 1424 1990 1489 refutat
2029 1434 2253 1504 notas,
2299 1444 2461 1509 quae
2507 1419 2590 1485 ab

266 1539 525 1591 auctore
556 1525 741 1590 huius
773 1526 1038 1599 notitiae
1066 1525 1439 1592 innumerae
1469 1526 1728 1592 fuerunt
1769 1528 2184 1614 perscriptae.
2288 1524 2419 1589 Sed
2461 1523 2595 1611 qui·

269 1650 417 1693 nam
461 1630 721 1694 taudem
766 1631 890 1693 iste
932 1628 1095 1694 fuit?
1196 1625 1561 1696 Brodaeum
1605 1631 1846 1711 fuisse,
1895 1649 2124 1695 manus
2172 1630 2317 1714 ipsa
2361 1628 2597 1711 prodit,
2662 1645 2671 1654 ‘

266 1729 432 1796 bene
461 1731 578 1797 illa
615 1728 803 1796 uobis
837 1735 1093 1819 cognita
1126 1754 1163 1794 e
1192 1735 1570 1798 certissimis
1601 1731 1892 1819 vestigiis
1927 1731 2352 1798 Brodaeanae
2388 1730 2598 1794 erudi·
2656 1719 2665 1726 ’

268 1835 499 1916 tionis,
558 1837 830 1921 quaein
889 1849 1066 1922 parte
1114 1833 1422 1900 librorum
1467 1834 1815 1924 Bongarsii
1890 1833 2167 1901 Bernam
2231 1831 2450 1898 delata
2515 1852 2599 1896 ex

227 1961 234 1966 “
267 1938 787 2004 annotationibus
818 1960 972 2003 msS.
1006 1938 1332 2012 hincinde
1361 1938 1588 2006 elucet.
1626 1978 1717 1992 -
1769 1939 2071 2025 Sequitur
2103 1951 2172 2004 ut
2210 1957 2375 2027 quae
2407 1953 2602 2022 supra

179 2051 182 2056 '
264 2043 716 2128 promisimus,
741 2052 1172 2129 ‘praestemus
1204 2042 1290 2126 ⁸).
1325 2081 1330 2084 -

477 2213 643 2297 Pag.
689 2199 877 2275 '421.
937 2231 1116 2296 supr.
1216 2199 1437 2297 κὺνιε]
1499 2204 1672 2299 κίρνε
1713 2207 1794 2274 Α.
1849 2245 1955 2258 -
2004 2219 2159 2275 ante
2204 2207 2377 2285 med..
2412 2229 2602 2272 κατε-

274 2307 574 2408 φόρει]
660 2306 889 2405 φρόνει
954 2315 1036 2378 Α.
1114 2348 1219 2362 -—
1302 2312 1536 2378 media.
1604 2309 2089 2400 τολμωμένοις]
2177 2336 2282 2400 γρ.
2347 2307 2606 2394 γινομέ-

274 2432 420 2496 νοις·
454 2414 539 2482 Α.
589 2451 691 2503 -ὴ
733 2417 1063 2498 inferzbri.
1108 2411 1301 2494 νόσος
1350 2417 1463 2485 καὶ
1515 2412 2097 2502 κατανεμηθεῖσα]
2155 2416 2267 2483 καὶ
2309 2411 2480 2477 infra
2524 2408 2606 2474 li·

278 2542 469 2585 neam
534 2522 788 2605 punctis
852 2532 1136 2589 notatum
1205 2521 1431 2585 minio.
1493 2556 1581 2566 --
1649 2518 1807 2584 ibid.
1871 2512 1960 2583 τώ
2004 2515 2213 2606 πόδε]
2277 2516 2449 2579 infra
2493 2512 2607 2578 lin.

278 2623 533 2709 punctis
571 2621 781 2687 rubris
815 2634 1070 2700 notata,
1123 2621 1343 2686 addita
1381 2620 1659 2698 lineola,
1713 2642 1881 2706 quae
1914 2622 2268 2701 incertum,
2320 2615 2610 2682 delendis
2700 2680 2705 2687 ,

173 2794 192 2802 χ
245 2726 570 2812 punctis,
623 2730 706 2789 an
737 2723 951 2791 verbis
985 2718 1072 2793 w)
1104 2723 1265 2792 πόδε
1311 2724 1613 2788 notandis
1653 2725 1989 2788 inserviat.
2037 2762 2126 2772 —-
2181 2722 2339 2788 ibid.
2393 2716 2601 2806 ἰδεῖν]

264 2831 538 2897 ἐπιδεῖν.
582 2827 659 2895 Β
709 2866 807 2879 -
857 2828 1015 2897 αὒίά.
1087 2824 1681 2919 ἀποσφαγέντων]
1733 2829 1790 2893 λ.
1843 2824 1926 2890 A.
1989 2864 2074 2875 —
2130 2824 2392 2907 infima.
2443 2813 2611 2909 μάρ-

278 2930 469 3024 ψει]
527 2948 644 3027 ψη.
691 2928 811 2995 Bb.
873 2969 961 2980 -
1031 2931 1192 2997 ibid.
1255 2922 1592 3017 κακοὺς]
1656 2929 1762 3007 ῶς.
1813 2926 1898 2992 Α.
1949 2963 2049 2977 -
2116 2927 2274 2994 ebed.
2335 2933 2613 3013 ἐπιχει-

276 3032 458 3125 ρεῖν]
503 3052 619 3124 χω.
669 3034 752 3098 Α.
2252 3080 2261 3085 ,
2660 3038 2675 3048 “

471 3186 651 3270 Pag.
682 3192 853 3250 422.
883 3208 1061 3274 supr.
1111 3186 1200 3251 ad·
1223 3185 1340 3253 τοῦ
1366 3183 1810 3271 πατροκλέους
1854 3196 1918 3247 et
1968 3183 2049 3246 ad
2095 3208 2146 3247 ω
2199 3176 2613 3268 πατροκλέα]

286 3286 606 3351 notandus
638 3289 1039 3373 πατροκλέας
1062 3291 1189 3353 iste
1228 3287 1418 3353 huius
1451 3286 1695 3362 libelli3
1748 3289 1842 3352 sic
1878 3300 1942 3352 et
1971 3286 2214 3372 passim
2249 3298 2317 3349 ut
2347 3307 2407 3370 p.
2447 3290 2538 3349 42
2554 3287 2617 3347 5.

355 3548 406 3615 *)
438 3547 664 3599 Utimur
700 3551 892 3600 autem
926 3546 1094 3615 siglis
1123 3544 1309 3599 hisce:
1387 3580 1397 3594 .

491 3634 539 3685 Α
571 3656 641 3683 =
674 3648 870 3702 margo
903 3633 1152 3685 interior
1183 3628 1358 3684 ruber

497 3719 546 3772 B
580 3742 650 3770 Ξ
686 3734 880 3788 margo
917 3725 1099 3772 exter.
1132 3718 1307 3771 ruber

493 3805 689 3858 Ba—
617 3844 689 3855 -
719 3818 915 3872 margo
953 3805 1125 3857 inter.
1159 3805 1324 3873 niger
1369 3804 1438 3867 (a
1469 3815 1641 3853 manu
1677 3793 1953 3859 Bruclaei)

494 3892 689 3945 Rb—
619 3929 690 3942 ...
722 3904 920 3960 margo
959 3896 1140 3946 exter
1181 3891 1299 3957 nig.
1332 3888 1508 3953 (item
1543 3902 1580 3940 a
1590 3882 1851 3938 Brodaei
1887 3883 2088 3944 manu)

497 3978 651 4035 vict.
683 3995 753 4029 =
788 3977 1085 4029 annotatio
1122 3972 1389 4030 Victorii.
1455 3971 1607 4025 Sunt
1653 3971 1837 4033 enim,
1893 3965 1980 4018 uti
2017 3963 2150 4017 aliis
2187 3959 2478 4030 opusculis
2514 3973 2632 4011 mo.

783 4063 1032 4138 ralibus²
1080 4062 1167 4114 ita
1203 4064 1403 4113 nostro
1441 4072 1665 4128 quoque
1700 4057 1759 4108 in
1802 4061 2063 4109 extremo
2099 4048 2356 4117 margine
2396 4044 2630 4098 notulae
2682 4118 2687 4124 .

779 4148 1056 4220 quaedam
1117 4148 1332 4218 passim
1388 4147 1730 4215 adspersae,
1794 4144 1854 4194 iu
1918 4139 2123 4210 qui-bus
2184 4135 2336 4188 tilius
2407 4145 2632 4184 manum

783 4234 1068 4297 Victorii,
1133 4233 1420 4303 cognitam
1467 4231 1581 4286 sibi
1637 4247 1668 4283 e
1719 4228 1883 4281 libris
1931 4224 2089 4279 illius
2124 4216 2417 4279 Monachii
2451 4231 2634 4271 usser-

782 4322 962 4385 vatis,
1015 4318 1443 4392 deprehendere
1478 4317 1591 4371 sibi
1627 4317 1785 4369 visus
1823 4319 1932 4369 cst.
